2479 3508
798 289 1817 369 THEOLOGY AND ECCLESIASTICAL HISTORY, &c.
788 356 2028 453 ingt. En Cxplanation and Vindication of the Principles
788 438 1762 524 and Doctrines of the people called Quakers.
1790 446 2035 517 By Robert
1548 495 2032 587 [Presented by David
789 498 1493 577 Barclay. Birmingham, 1765.
789 553 1399 627 Barclay, son of the author.
573 587 1320 682 Barnabas, 35. F. See Cotelerius.
580 657 1148 729 Baskett, 4, F. See Bible.
584 702 2028 780 Bates, c58, O. The Harmony of the Divine Attributes, in the
784 778 2037 829 contrivance and accomplishment of Man’s Redemption
788 822 2032 888 by the Lord Jesus Christ. By William Bates, D. D.
784 871 1128 944 London, 1697.
578 893 2028 986 Bauer, 91—2, Q. Theses ex Theologia Universa, cum Disserta¬
784 982 2028 1042 tione de Exceptionibus contra SS. Oecum. Concilii Tri¬
778 1029 2028 1088 dentini authoritatem factis, &c. etc. Auct. Chr. P.
1484 1069 1882 1151 Bambergæ, 1740.
788 1077 1440 1157 Fred. Bauer ab Heppenstein.
578 1129 2032 1206 Baumann, 142—5, Q. De Angelorum et Hominum primo princi¬
797 1188 2037 1277 pio et ultimo fine, dc. &c. Auct. D. J. F. Baumann.
788 1239 1186 1320 Bambergæ, 1762.
580 1277 1490 1355 Baumgarten, 103, Q. See P. V. Haven.
578 1346 1377 1404 Bellarminus, 129, F. See Masonus.
575 1393 2032 1470 Berriman, 151, D. Christian Doctrines and Duties explained and
778 1453 2032 1511 recommended; in forty Sermons. By William Berri¬
780 1506 2035 1570 man, D. D. late Rector of St. Andrew’s, Undershaft,
788 1551 1460 1617 &c. 2 vols. London, 1751.
766 1590 2019 1670 152, O. A Original Dissertation upon 1 Tim. iii. 16.—
797 1659 2035 1726 Wherein Rules are laid down to distinguish, in various
780 1715 2037 1777 readings, which is genuine; an account is given of above
780 1775 2026 1839 a hundred Greek MSS. of St. Paul’s Epistles, &c. dc.
778 1824 2026 1884 and the common reading of that text, COD was mani¬
788 1875 2028 1935 fest in theoriesh, is proved to be the true one, &c. c.
788 1933 1999 1999 &c. By John Berriman, M. A. &c. London, 1741.
757 1982 2028 2048 170, O. The Gradual revelation of the Gospel; from the
788 2046 2028 2101 time of Man’s Apostacy. Set forth and explained in
780 2082 2033 2150 twenty-four Sermons, preached at the Lecture founded
784 2141 2032 2206 by the Hon Robert Boyle, Esq. in 1730, 1731 and 1732.
788 2192 2032 2266 By William Berriman, D. D. &c. 2 vols. London,
788 2246 924 2312 1733.
575 2279 2028 2359 Besse, 111, F. A collection of the Sufferings of the People called
788 2353 2022 2410 Quakers, for the Testimony of a Good Conscience, from
784 2406 2028 2466 the time of their being first distinguished by that name
778 2459 2022 2515 in 1650, to the time of the Act of Toleration in 1689.
789 2514 2028 2595 Taken from original records, &c. by Joseph Besse. 2
789 2566 1275 2635 vols. London, 1753.
578 2617 1359 2690 Beveregius, 35, F. See Cotelerius.
578 2674 1990 2750 Bible, 4, F. The Holy Bible. Imp. folio. With engravings.—
777 2728 2022 2812 Ruled with red lines. 2 vols. Printed by Baskett, Ox-
788 2775 1037 2846 ford, 1717.
569 2806 2028 2910 Bible Society, 46, O. The third, sixth, seventh, sighth, ninth,
