2479 3508
797 338 1822 436 THEOLOGY AND ECCLESIASTICAL HISTORY, &c.
575 429 2028 511 Cariath-sepher, 123—5, Q. Carieth-sepher, sive interpretante Ora¬
784 507 2028 582 culo biblico Josue XV. et Judicum 1. &e. &c. Bam¬
793 555 1088 626 bergae, 1735.
584 582 2037 678 Carranzani, 285, O. Summa omnium Conciliorum et Pontificum,
788 678 2028 735 collecta per F. Barth. Carranzani. Accesserunt Sta¬
784 724 2028 788 tuta quaedam Synodalia Paris. and Senon. Ecclesiae.
793 775 2037 853 Appexdix Conciliorum Galliæ, &c. Lc. Cum Notis
793 817 1613 900 Fr. Sylvii, &c. & c. Parisiis, 1678.
584 866 766 962 Catholic
786 873 2037 942 question, 50—1, O. Letters to the Roman Catholics of
789 933 2035 988 Philadelphia, and the United States of America. By a
784 977 1850 1040 Friend, &c. Nos. 1 & 2. Philadelphia, 1822.
755 1026 2035 1099 50—3, O. address of the lay Trustees to the Congrega¬
788 1093 2035 1151 tion of St. Mary’s Church, on the subject of the approach¬
788 1139 1577 1213 ing Election. Philadelphia, 1822.
575 1195 1484 1255 Chamberlayne, 159, O. See Nieuwentyt.
580 1242 784 1320 Chandler.
806 1235 2041 1308 98, O. Sermons on various Subjects. By the late Rev.
793 1295 2037 1357 Samuel Chandler, D. D. &c. 3 vols. London, 1768.
578 1350 2035 1419 Chemnitius, 73, F. Harmonia Quatuor Evangelistorum, a Theolo¬
789 1413 2042 1486 gis celeberrimis D. Martino Chemnitio inchoata, D. Poly¬
789 1479 2035 1544 carpo Lysero continuata, et D. Johanne Gerhardo abso¬
784 1504 1602 1573 luta. Tom. 2. Francofurti, 1652.
578 1559 2037 1642 Chillingworth, 78, F. The Works of William Chillingworth, M.
788 1617 866 1681 A.
897 1617 1240 1691 London, 1719.
578 1668 2037 1735 Chrysostomus, 74, F. S. Joannis Chrysostomi, Archiepiscopi Opera
788 1722 2041 1781 omnia quae exstant. Græcè. Curâ, studio et Labore
784 1771 1837 1844 Henrici Savilii, Eq. Tom. 8. Etonae, 1612.
575 1819 782 1892 Clzukson
802 1815 2037 1888 44, O. A Portraiture of Quakerism. Taken from a
798 1879 2035 1941 Wiew of the Education and Discipline, social Mangers,
784 1935 2037 1990 Civil andennical Economy, Religious Principles and
788 1984 2032 2062 character of the Society of Friends. By Thomas Clark-
788 2042 1786 2119 son, M. A. &c. 3 vols. New York, 1806.
587 2062 2032 2161 Claubergius, 348, O. Johannis Claubergii, S. T. D. &c. de Cog¬
784 2142 2037 2208 nitione Dei et Nostri, quatenus naturali rationis lumine,
788 2195 2028 2259 secundum veram Philosophiam potest comparari, Exer¬
793 2252 1688 2332 citationes Centum. Franequerae, 1685.
580 2290 1306 2366 Clemens, 35, F. See Cotelerius.
580 2352 1242 2415 Clericus, 11, D. See Grotius.
760 2403 1259 2481 35, F. See Cotelerius.
584 2457 2032 2526 Conwell, 50—5, O. Pastoral Charges, delivered by the Rt. Rev.
789 2514 2035 2579 Bishop Henry (Conwell,) Nov. 2, 1820 and Feb. 11,
797 2575 1277 2641 1821. Philadelphia.
584 2606 2028 2690 Cotelerius, 35, F. SS. Patrum qui Temporibus Apostolicis florue¬
793 2675 2032 2739 runt, Barnabæ, Clementis, Hermæ, Ignatii, Polycarpi,
789 2728 2035 2806 Opera edita et inedita, vera et supposititia; una cum
789 2783 2028 2845 Clementis, Ignatii, Polycarpi, Actis atque Martyriis. J.
784 2821 2028 2890 B. Cotelerius, Soc. Sorb. Theol. ex MSS. Codicibus
789 2886 2024 2955 eruit, ac correxit, Versionibusque et Notis illustravit.
