2479 3508
1894 290 1977 379 13
731 282 1759 397 THEOLOGY AND ECCLESIASTICAL HISTORY, &c.
518 374 1272 479 Sylvius, 285, O. See Carranzani.
527 472 1179 538 Symmachus, 36, Q. See Bos.
519 514 1168 590 Theodotion, 36, Q. See Bos.
525 580 1972 640 Theophyl1actus, 82, F. Theophylacti, Archiepiscopi Belgariæ Com¬
724 631 1979 689 mentarii in Quatuor Evangelia. Graecè et Latinè. Cum
727 676 1983 773 Notulis, variis Lectionibus, &c. Tom. 2. Lutetiae
724 731 1135 807 Parisiorum, 1635.
512 775 1968 875 Theologia, 142—6, Q. Theses selectae ex universa Theologia re-
729 838 1522 915 velata, &c.&c. Bambergæ, 1779.
516 875 1276 966 Thysius, 344, O. See Lactantius.
518 950 1977 1011 Turretinus, 114, Q. Institutio Theologicae Eleneticae, in qua Sta¬
733 1006 1974 1061 tus Contromversiae exponitur, &c. &e. Authori Francis¬
1387 1053 1972 1130 Pars secunda. Lugduni
727 1053 1340 1126 co Turretino, SS. T. Pr.
731 1110 1141 1177 Batavorum, 1696.
742 1135 1983 1225 113, Q. Vindiciae Gratiæ, Potestatis, ac Providentiae
516 1135 720 1234 Twissus
724 1210 1981 1274 Dei: hoc est, ad Examen libelli Perkinsiani, de Praedes¬
724 1268 1985 1334 tinationis modo et ordine, institutum à Jacobo Arminio,
727 1307 1974 1381 Responsio Scholastica. Una cum Digressionibus, &c.
727 1378 1983 1456 &c. &c. Auctore Guilielmo Twisso, SS. T. D. Am¬
724 1423 1088 1504 sterdami, 1632.
527 1458 1183 1558 Tytz, 50, Q. See Altenstaig.
521 1535 1174 1597 Vatablus, 78, Q. See Biblia.
525 1562 1981 1662 Vetus Testamentum, 36, Q. Vetus Testamentum ex versione sep¬
731 1638 1983 1720 tuaginta Interpretum, secundum Exemplar Vaticanum
731 1689 1981 1748 Romae editum, una cum Scholiis ejusdem Editionis, Va¬
724 1759 1972 1817 riis MStorum Codicum Veterumque Exemplarium Lec¬
731 1795 1983 1863 tionibus, nec non Fragmentis Versionum Aquilae, Sym¬
724 1861 1988 1930 machi et Theodotionis. Summa cura edidit Lambertus
733 1905 1857 1997 Bos, L. Gr. Prof. Tom. 2. Franequeræ, 1709.
525 1939 1272 2034 Vorstius, 116, Q. See Maiiemon.
530 1999 1992 2096 Vries, 1853, O. Gerardi de Vries, Phil. Prof. de Natura Dei et
738 2059 1977 2121 Humanae Mentis Determinationes pneumatologicae. Ac¬
733 2116 1979 2185 cedunt de Catholicis rerum Attributis ejusdem Peter¬
738 2172 1693 2264 minationes Ontologicae. Ultrajecti, 1690.
521 2209 1234 2298 Usserius, 35, F. See Cotelerius.
747 2247 1985 2346 110—10, Q. Oratio Jesu Montanae pars insignior apud
523 2269 720 2371 Wagner,
738 2329 1976 2413 Matth. Cap. V. Notis philologico exegeticis illustrata
736 2380 1655 2460 Auct. J.J. Wagner. Bambergæ, 1798.
519 2424 1976 2510 Werner, 144—3, Q. Die Sechste Lob-Predig, &c. &c.. Von J.
747 2493 1478 2564 Werner, &c. Bambergæ, 1715.
527 2526 1987 2612 Weyermann, 110—1, Q. Trauerrede auf den Herrn Gallus, Abt
733 2590 1988 2686 und Prälat, &c. Von G. Fr. Weyermann. Bamberg,
733 2652 1123 2732 7ten May, 1799.
713 2670 1977 2770 110—2, Q. De Apostolorum olim Divo Petro Superstitum
731 2765 1987 2825 ad Episcopum Romanum Divi Petri Successorem ordine
738 2812 1981 2887 in Praefectura Ecclesiæ, &c. Auct. D. G. F. Weyer
736 2878 1323 2954 mann. Bambergæ, 1768.
