2479 3508
1012 270 1514 391 ANCIENT LITERATURE.
745 371 1989 478 MSS. ab Hieronymo Commelino emendati, multis in
741 455 1996 542 locis aucti, ejusdemque Notis illustrati. Græce et La¬
754 526 1258 583 tine. Lugduni, 1611.
533 557 1996 650 Heliodori Larissaei Optica, 297, O. See Opuscula Mythologica,
535 681 1684 749 Heraclitus, 297, O. See Opuscula Mythologica, &c.
782 716 1998 796 131, O. Hésiodi Ascraei quæcumque exstant, Graece et
533 732 756 818 Hesiodus,
754 789 1989 849 Latine, ex recensione Joannis Clerici, cum ejusdem Ani¬
741 838 1996 913 madversionibus. Cum Notis, &c. &ca Scaligeri, Hein-
741 908 1992 962 sii, Guieti, S. Clerici, Grævii, et Pasoris. Amstelo-
749 946 1021 1023 dami, 1701.
542 993 1326 1077 Heyne, 161, O. See Silius Italicus.
542 1050 1618 1119 Hipparchus, 320, O. See Poetae Minores Graeci.
539 1098 1998 1169 Historiae Augustæ Scriptores, 252, O. Historiæ Augustae Scrip¬
749 1158 2011 1224 tores VI. Aelius Sportianus, Julius Capitolinus, AElius
754 1211 2003 1269 Lampridius, Vulc. Gallicanus, Trebell. Pollio, Flavius
760 1264 2002 1333 Vopiscus. Cum integris Notis Is. Casauboni, Cl. Sal-
745 1315 2007 1392 masii, et Jani Gruteri, &c. Tom. 2. Lugduni Bata-
749 1375 1057 1441 vorum, 1671.
542 1414 1998 1494 Historiae, 3, D. Secretae e profanis Scriptoribus Historiae. Phila¬
756 1477 1092 1549 delphiae, 1819.
542 1501 2007 1605 Homerus, 72. Q. Homeri Opera Omnia, et in eadem Scholia, sive
754 1583 2013 1644 Interpretatio Veterum. Una cum Notis perpetuis, in
756 1636 2005 1704 Textum et Scholia, necnon Variis Lectionibus longè
751 1691 2009 1748 Plurimis, et Versione Latina, accuratiori limâ perpolita.
760 1744 2000 1797 Operâ, studio, et Impensis, Josuae Barnes, S. T. B. &c.
763 1793 1434 1868 Tom. 2. Cantabrigiae, 1711.
721 1848 2002 1923 114, O. Homeri Ilias, Græcè et Latinè. Cum Annota¬
760 1901 2002 1980 tionibus Samuelis Clarke, S. T. P. Tom. 2. Londini,
754 1956 893 2016 1760.
730 2002 2002 2080 115, O. Homeri Odyssea, Græcè et Latinè. Edidit, An¬
756 2062 2005 2120 notationesque ex Notis nonnullis MStis. a Samuele
756 2117 2005 2179 Clarke, S. T. P. defuncto relictis, partim collectas, ad¬
763 2168 2005 2239 jecit Samuel Clarke, Societ. Reg. Soc. Tom. 2. Lon¬
756 2221 1010 2294 dini, 1758.
727 2239 1996 2347 69, O. Homeri Ilias, Græce et Latine. Cum Annota¬
754 2321 2003 2403 tionibus Samuelis Clarke, S. T. P. Vol. II. Dublinii,
760 2380 888 2444 1787.
548 2414 1633 2498 Honorus, Julius, 158, O. See Pomponius Mela.
736 2489 1017 2559 337, O. See
544 2546 1355 2624 Hulchinson, 177, O. See Xenophon.
730 2595 1003 2664 338, O. See
552 2639 2005 2716 Isocrates, 100, F. Isocratis Scripta, quae quidem nunc extent,
760 2717 2009 2774 omnia, Graecolatina, postremo recognita: Annotationibus
756 2759 2002 2827 novis et eruditis illustrata, Castigationibusque necessa¬
754 2812 1996 2873 riisque expolita: Hieronymo Wolfio ÇEtingensi inter¬
763 2864 1675 2940 prete et auctore, dc. &c. Basilae, 1570.
