<?xml version="1.0" encoding="UTF-8" standalone="yes"?>
<PcGts xmlns="http://schema.primaresearch.org/PAGE/gts/pagecontent/2013-07-15" xmlns:xsi="http://www.w3.org/2001/XMLSchema-instance" xsi:schemaLocation="http://schema.primaresearch.org/PAGE/gts/pagecontent/2013-07-15 http://schema.primaresearch.org/PAGE/gts/pagecontent/2013-07-15/pagecontent.xsd">
    <Metadata>
        <Creator>prov=READ-COOP:name=TrHtr:version=2.9.0:model_id=51170:date=08_02_2024_13:43</Creator>
        <Created>2024-02-07T19:24:49.569+01:00</Created>
        <LastChange>2024-02-08T13:43:46.107+01:00</LastChange>
        <TranskribusMetadata docId="1800286" pageId="64963950" pageNr="35" tsid="147995399" status="IN_PROGRESS" userId="65058" imgUrl="https://files.transkribus.eu/Get?id=IHKKHDECDDYNNBKNQXODQRHT&amp;fileType=view" xmlUrl="https://files.transkribus.eu/Get?id=CFVXQVFZBPUQAWQCVGZYWPSR" imageId="51988650"/>
    </Metadata>
    <Page imageFilename="p035.jpg" imageWidth="2479" imageHeight="3508">
        <ReadingOrder>
            <OrderedGroup id="ro_1707669778663" caption="Regions reading order">
                <RegionRefIndexed index="0" regionRef="tr_1"/>
                <RegionRefIndexed index="1" regionRef="tr_3"/>
                <RegionRefIndexed index="2" regionRef="tr_2"/>
            </OrderedGroup>
        </ReadingOrder>
        <TextRegion id="tr_1" custom="readingOrder {index:0;}">
            <Coords points="585,317 2048,317 2048,1278 585,1278"/>
            <TextLine id="tr_1_tl_1" custom="readingOrder {index:0;}">
                <Coords points="1067,377 1103,399 1133,377 1188,395 1259,373 1305,397 1383,381 1424,406 1469,408 1504,381 1565,393 1565,291 1550,287 1448,329 1308,311 1272,331 1197,315 1173,333 1120,307 1067,307"/>
                <Baseline points="1077,367 1122,367 1167,367 1212,367 1256,367 1301,367 1346,367 1391,367 1436,367 1480,367 1525,367 1570,370"/>
                <TextEquiv>
                    <Unicode>ANCIENT LITERATURE</Unicode>
                </TextEquiv>
            </TextLine>
            <TextLine id="tr_1_tl_2" custom="readingOrder {index:1;}">
                <Coords points="580,401 600,397 608,401 619,399 624,403 635,392 644,399 650,393 661,393 661,317 651,317 648,313 642,318 631,315 620,317 611,326 604,326 591,313 580,313"/>
                <Baseline points="591,370 635,370 665,370"/>
                <TextEquiv>
                    <Unicode>22</Unicode>
                </TextEquiv>
            </TextLine>
            <TextLine id="tr_1_tl_3" custom="readingOrder {index:2;}">
                <Coords points="759,485 1605,494 1702,483 1702,390 1504,425 1440,401 1405,423 759,421"/>
                <Baseline points="770,468 815,465 859,468 904,465 949,465 994,465 1038,468 1083,468 1128,465 1173,468 1218,468 1262,468 1307,465 1352,468 1397,468 1442,468 1486,468 1531,468 1576,468 1621,468 1665,468 1707,468"/>
                <TextEquiv>
                    <Unicode>Orationes dux, &amp;c. 360, O. See Aesopus.</Unicode>
                </TextEquiv>
            </TextLine>
            <TextLine id="tr_1_tl_4" custom="readingOrder {index:3;}">
                <Coords points="578,525 1874,549 2044,534 2044,452 1605,496 578,487"/>
                <Baseline points="588,522 632,525 677,525 722,522 767,522 812,522 856,522 901,522 946,522 991,519 1035,522 1080,522 1125,522 1170,522 1215,522 1259,522 1304,519 1349,522 1394,522 1439,522 1483,522 1528,522 1573,522 1618,522 1662,525 1707,522 1752,522 1797,525 1842,525 1886,525 1931,525 1976,525 2021,525 2048,525"/>
                <TextEquiv>
                    <Unicode>Jamblichus, 106, F. Jamblichi Chalcidensis ex Coele-Syria, de</Unicode>
                </TextEquiv>
            </TextLine>
            <TextLine id="tr_1_tl_5" custom="readingOrder {index:4;}">
                <Coords points="792,586 1771,580 1825,609 2044,587 2044,534 792,538"/>
                <Baseline points="803,576 847,573 892,573 937,570 982,570 1027,570 1071,570 1116,573 1161,570 1206,573 1250,573 1295,573 1340,573 1385,573 1430,576 1474,576 1519,573 1564,576 1609,576 1653,576 1698,576 1743,579 1788,579 1833,576 1877,576 1922,579 1967,579 2012,579 2048,579"/>
                <TextEquiv>
                    <Unicode>Mysteriis Liber. Præmittitur Epistola Porphyrii ad</Unicode>
                </TextEquiv>
            </TextLine>
            <TextLine id="tr_1_tl_6" custom="readingOrder {index:5;}">
                <Coords points="800,639 1823,642 1823,593 1770,584 800,593"/>
                <Baseline points="809,626 853,626 898,626 943,626 988,623 1032,623 1077,623 1122,626 1167,623 1212,626 1256,626 1301,626 1346,629 1391,629 1436,629 1480,629 1525,626 1570,629 1615,626 1659,629 1704,629 1749,629 1794,629 1827,626"/>
                <TextEquiv>
                    <Unicode>Anebonem Ægyptium, eodem argumento.</Unicode>
                </TextEquiv>
            </TextLine>
            <TextLine id="tr_1_tl_7" custom="readingOrder {index:6;}">
                <Coords points="1856,644 1887,640 1894,648 1923,650 1953,639 1982,646 1995,637 2020,650 2037,648 2035,587 1986,587 1975,580 1965,589 1954,584 1907,589 1883,580 1867,589 1854,587"/>
                <Baseline points="1865,626 1910,629 1955,629 2000,629 2042,629"/>
                <TextEquiv>
                    <Unicode>Thomas</Unicode>
                </TextEquiv>
            </TextLine>
            <TextLine id="tr_1_tl_8" custom="readingOrder {index:7;}">
                <Coords points="792,701 2035,710 2035,648 1997,637 792,642"/>
                <Baseline points="803,680 847,680 892,680 937,680 982,680 1027,677 1071,677 1116,680 1161,680 1206,683 1250,683 1295,683 1340,683 1385,683 1430,683 1474,683 1519,683 1564,680 1609,683 1653,683 1698,686 1743,686 1788,686 1833,686 1877,686 1922,686 1967,686 2012,689 2039,689"/>
                <TextEquiv>
                    <Unicode>Gale, Anglus Graece nunc primum edidit, Latine vertit,</Unicode>
                </TextEquiv>
            </TextLine>
            <TextLine id="tr_1_tl_9" custom="readingOrder {index:8;}">
                <Coords points="792,736 1005,759 1233,736 1363,767 1535,747 1535,699 1510,694 792,701"/>
                <Baseline points="803,731 847,734 892,731 937,734 982,734 1027,734 1071,731 1116,734 1161,737 1206,734 1250,737 1295,737 1340,737 1385,737 1430,737 1474,737 1519,734 1540,734"/>
                <TextEquiv>
                    <Unicode>et Notas adjecit. Oxonii, 1678.</Unicode>
                </TextEquiv>
            </TextLine>
            <TextLine id="tr_1_tl_10" custom="readingOrder {index:9;}">
                <Coords points="575,791 683,809 884,791 944,811 1080,794 1113,814 1144,794 1193,814 1279,796 1279,759 1235,736 1127,759 911,739 869,756 666,737 575,752"/>
                <Baseline points="585,788 612,788 656,788 701,788 746,788 791,788 835,785 880,785 925,785 970,785 1015,785 1059,788 1104,788 1149,788 1194,785 1238,785 1283,785"/>
                <TextEquiv>
                    <Unicode>Johnson, 89, O. See Sophocles.</Unicode>
                </TextEquiv>
            </TextLine>
            <TextLine id="tr_1_tl_11" custom="readingOrder {index:10;}">
                <Coords points="580,860 1587,864 1587,809 758,792 580,820"/>
                <Baseline points="591,841 635,841 680,841 725,841 770,841 815,838 859,841 904,841 949,841 994,841 1038,841 1083,838 1128,841 1173,841 1218,841 1262,841 1307,841 1352,841 1397,844 1442,844 1486,841 1531,841 1576,841 1591,844"/>
                <TextEquiv>
                    <Unicode>Jornandes Alanus, 346, O. See Justinianus.</Unicode>
                </TextEquiv>
            </TextLine>
            <TextLine id="tr_1_tl_12" custom="readingOrder {index:11;}">
                <Coords points="580,922 1975,913 1975,869 1883,840 580,862"/>
                <Baseline points="591,892 635,895 680,895 725,892 770,895 815,892 859,892 904,892 949,892 994,895 1038,895 1083,892 1128,892 1173,895 1218,895 1262,895 1307,895 1352,898 1397,895 1442,895 1486,895 1531,898 1576,895 1621,895 1665,898 1710,898 1755,895 1800,898 1845,898 1889,898 1934,898 1979,895"/>
                <TextEquiv>
                    <Unicode>Julius Capitalinus, 252, O. See Historia Augustæ Scriptores.</Unicode>
                </TextEquiv>
            </TextLine>
            <TextLine id="tr_1_tl_13" custom="readingOrder {index:12;}">
                <Coords points="754,963 1654,964 1654,915 1570,904 754,908"/>
                <Baseline points="764,946 809,946 853,946 898,949 943,946 988,949 1032,949 1077,949 1122,949 1167,946 1212,949 1256,949 1301,949 1346,949 1391,949 1436,949 1480,949 1525,949 1570,949 1615,949 1659,952"/>
                <TextEquiv>
                    <Unicode>Firmicus, 132, O. See Minucius Felix.</Unicode>
                </TextEquiv>
            </TextLine>
            <TextLine id="tr_1_tl_14" custom="readingOrder {index:13;}">
                <Coords points="575,1016 2040,1023 2040,957 575,964"/>
                <Baseline points="585,1000 629,1000 674,1000 719,1000 764,1003 809,1003 853,1000 898,1000 943,1003 988,1003 1032,1003 1077,1003 1122,1003 1167,1003 1212,1000 1256,1000 1301,1003 1346,1000 1391,1003 1436,1003 1480,1003 1525,1003 1570,1006 1615,1003 1659,1003 1704,1006 1749,1003 1794,1003 1839,1003 1883,1003 1928,1003 1973,1003 2018,1006 2045,1006"/>
                <TextEquiv>
                    <Unicode>Juvenalis, 80, D. Junii Juvenalis et Auli Persii Flacci Satyræ,</Unicode>
                </TextEquiv>
            </TextLine>
            <TextLine id="tr_1_tl_15" custom="readingOrder {index:14;}">
                <Coords points="792,1058 2040,1072 2040,1023 1971,1010 792,1027"/>
                <Baseline points="803,1056 847,1053 892,1053 937,1053 982,1050 1027,1053 1071,1053 1116,1053 1161,1053 1206,1053 1250,1053 1295,1056 1340,1056 1385,1056 1430,1056 1474,1056 1519,1056 1564,1056 1609,1056 1653,1056 1698,1056 1743,1056 1788,1059 1833,1056 1877,1056 1922,1056 1967,1056 2012,1056 2045,1059"/>
                <TextEquiv>
                    <Unicode>ex doctorum virorum emendatione. Hagæ-Comitum,</Unicode>
                </TextEquiv>
            </TextLine>
            <TextLine id="tr_1_tl_16" custom="readingOrder {index:15;}">
                <Coords points="794,1125 813,1125 842,1114 855,1118 860,1114 875,1127 893,1129 908,1124 917,1114 926,1114 924,1078 913,1078 899,1067 873,1065 866,1069 851,1063 831,1071 820,1063 814,1067 809,1061 792,1063"/>
                <Baseline points="803,1101 847,1101 892,1104 928,1104"/>
                <TextEquiv>
                    <Unicode>1683.</Unicode>
                </TextEquiv>
            </TextLine>
            <TextLine id="tr_1_tl_17" custom="readingOrder {index:16;}">
                <Coords points="575,1164 2037,1177 2037,1107 575,1107"/>
                <Baseline points="585,1158 629,1158 674,1161 719,1158 764,1161 797,1158 815,1158 859,1161 904,1161 949,1158 994,1158 1038,1158 1083,1161 1128,1161 1173,1161 1218,1161 1262,1164 1307,1161 1352,1161 1397,1164 1442,1161 1486,1161 1531,1164 1576,1161 1621,1161 1665,1161 1710,1161 1755,1161 1800,1161 1845,1161 1889,1161 1934,1164 1979,1161 2024,1161 2042,1161"/>
                <TextEquiv>
                    <Unicode>Justinus, 34, D. Justini ex Trogi Pompeii Historiis externis li¬</Unicode>
                </TextEquiv>
            </TextLine>
            <TextLine id="tr_1_tl_18" custom="readingOrder {index:17;}">
                <Coords points="791,1221 1371,1230 1426,1219 1426,1169 1329,1186 1221,1166 1146,1186 1089,1169 791,1175"/>
                <Baseline points="800,1212 844,1209 889,1212 934,1212 979,1212 1024,1212 1068,1212 1113,1212 1158,1212 1203,1212 1247,1215 1292,1215 1337,1215 1382,1209 1427,1212 1430,1212"/>
                <TextEquiv>
                    <Unicode>bri XLIV. Londini, 1756.</Unicode>
                </TextEquiv>
            </TextLine>
            <TextLine id="tr_1_tl_19" custom="readingOrder {index:18;}">
                <Coords points="575,1274 2046,1288 2044,1228 1914,1193 1680,1235 573,1222"/>
                <Baseline points="585,1262 629,1262 674,1265 719,1265 764,1265 809,1265 853,1265 898,1262 943,1262 988,1259 1032,1259 1077,1262 1122,1262 1167,1265 1212,1265 1256,1265 1301,1265 1346,1265 1391,1262 1436,1265 1480,1265 1525,1262 1570,1265 1615,1265 1659,1265 1704,1265 1749,1268 1794,1268 1839,1268 1883,1268 1928,1268 1973,1268 2018,1268 2048,1265"/>
                <TextEquiv>
                    <Unicode>Justinianus, 346, O. Justiniani Augusti Historia, in qua Bellum</Unicode>
                </TextEquiv>
            </TextLine>
        </TextRegion>
        <TextRegion id="tr_3" custom="readingOrder {index:1;}">
            <Coords points="591,1263 2051,1263 2051,2073 591,2073"/>
            <TextLine id="tr_3_tl_1" custom="readingOrder {index:0;}">
                <Coords points="791,1323 2046,1336 2046,1288 1987,1274 791,1276"/>
                <Baseline points="800,1316 844,1316 889,1313 934,1316 979,1316 1024,1316 1068,1316 1113,1316 1158,1316 1203,1316 1247,1316 1292,1316 1337,1316 1382,1316 1427,1319 1471,1319 1516,1316 1561,1316 1606,1316 1650,1319 1695,1319 1740,1319 1785,1319 1830,1319 1874,1322 1919,1322 1964,1316 2009,1319 2051,1322"/>
                <TextEquiv>
                    <Unicode>Persicum, Vandilicum, Gothicum, Belisarii praesertim</Unicode>
                </TextEquiv>
            </TextLine>
            <TextLine id="tr_3_tl_2" custom="readingOrder {index:1;}">
                <Coords points="783,1402 1440,1374 1965,1400 2044,1393 2044,1338 783,1340"/>
                <Baseline points="794,1370 838,1370 883,1370 928,1367 973,1370 1018,1370 1062,1370 1107,1370 1152,1370 1197,1370 1241,1370 1286,1373 1331,1370 1376,1373 1421,1373 1465,1373 1510,1370 1555,1370 1600,1370 1645,1373 1689,1373 1734,1373 1779,1373 1824,1373 1868,1373 1913,1373 1958,1373 2003,1373 2048,1373"/>
                <TextEquiv>
                    <Unicode>Narsetisque, prudentia &amp;c. feliciter absolutum; opera</Unicode>
                </TextEquiv>
            </TextLine>
            <TextLine id="tr_3_tl_3" custom="readingOrder {index:2;}">
                <Coords points="787,1442 1951,1451 2040,1433 2040,1389 787,1400"/>
                <Baseline points="797,1421 841,1424 886,1421 931,1421 976,1421 1021,1421 1065,1421 1110,1421 1155,1421 1200,1421 1244,1421 1289,1424 1334,1424 1379,1424 1424,1424 1468,1424 1513,1424 1558,1424 1603,1424 1648,1427 1692,1427 1737,1427 1782,1427 1827,1427 1871,1427 1916,1427 1961,1427 2006,1427 2045,1424"/>
                <TextEquiv>
                    <Unicode>autem et studio Procopii Cæsariensis, Agathiae Myrri¬</Unicode>
                </TextEquiv>
            </TextLine>
            <TextLine id="tr_3_tl_4" custom="readingOrder {index:3;}">
                <Coords points="787,1499 2044,1482 2044,1451 1881,1429 787,1442"/>
                <Baseline points="797,1474 841,1474 886,1474 931,1474 976,1471 1021,1474 1065,1474 1110,1474 1155,1474 1200,1474 1244,1477 1289,1477 1334,1474 1379,1477 1424,1474 1468,1474 1513,1474 1558,1477 1603,1477 1648,1477 1692,1477 1737,1477 1782,1477 1827,1477 1871,1477 1916,1480 1961,1480 2006,1480 2048,1480"/>
                <TextEquiv>
                    <Unicode>næi, Jornandis Alani, Libris XIII continetur. Acce¬</Unicode>
                </TextEquiv>
            </TextLine>
            <TextLine id="tr_3_tl_5" custom="readingOrder {index:4;}">
                <Coords points="787,1535 1722,1563 2020,1546 2040,1497 787,1506"/>
                <Baseline points="797,1525 841,1528 886,1528 931,1525 976,1525 1021,1525 1065,1525 1110,1525 1155,1528 1200,1525 1244,1528 1289,1528 1334,1531 1379,1528 1424,1528 1468,1531 1513,1528 1558,1528 1603,1528 1648,1528 1692,1531 1737,1531 1782,1531 1827,1531 1871,1531 1916,1531 1961,1531 2006,1531 2045,1528"/>
                <TextEquiv>
                    <Unicode>dunt Procopii de Justiniani Aedificiis Lib. VI. et Jor¬</Unicode>
                </TextEquiv>
            </TextLine>
            <TextLine id="tr_3_tl_6" custom="readingOrder {index:5;}">
                <Coords points="787,1605 2039,1599 2037,1546 1987,1537 1713,1565 785,1534"/>
                <Baseline points="797,1582 841,1582 886,1579 931,1579 976,1576 1021,1579 1065,1579 1110,1576 1155,1579 1200,1582 1244,1582 1289,1582 1334,1582 1379,1582 1424,1582 1468,1585 1513,1582 1558,1582 1603,1582 1648,1585 1692,1585 1737,1585 1782,1585 1827,1585 1871,1585 1916,1582 1961,1582 2006,1585 2042,1582"/>
                <TextEquiv>
                    <Unicode>nandis de regnorum et temporum Liber. etc. &amp;c. Ge¬</Unicode>
                </TextEquiv>
            </TextLine>
            <TextLine id="tr_3_tl_7" custom="readingOrder {index:6;}">
                <Coords points="792,1643 825,1643 851,1662 877,1643 895,1645 922,1663 942,1643 1021,1654 1083,1638 1082,1599 1069,1603 1052,1592 1030,1605 1005,1588 939,1601 920,1594 889,1603 878,1594 791,1601"/>
                <Baseline points="803,1633 847,1630 892,1630 937,1630 982,1630 1027,1630 1071,1633 1086,1633"/>
                <TextEquiv>
                    <Unicode>nevae, 1594.</Unicode>
                </TextEquiv>
            </TextLine>
            <TextLine id="tr_3_tl_8" custom="readingOrder {index:7;}">
                <Coords points="580,1702 1261,1704 1261,1649 1232,1640 946,1645 919,1663 888,1642 842,1663 781,1640 580,1647"/>
                <Baseline points="591,1689 594,1689 638,1689 683,1689 728,1686 773,1683 818,1686 862,1686 907,1686 952,1683 997,1683 1041,1686 1086,1686 1131,1686 1176,1686 1221,1689 1265,1686"/>
                <TextEquiv>
                    <Unicode>King, 183, O. See Euripides.</Unicode>
                </TextEquiv>
            </TextLine>
            <TextLine id="tr_3_tl_9" custom="readingOrder {index:8;}">
                <Coords points="580,1751 737,1746 791,1764 809,1749 856,1766 939,1744 1056,1762 1125,1742 1243,1751 1243,1709 1219,1696 1067,1711 961,1696 931,1715 897,1695 694,1715 662,1696 580,1702"/>
                <Baseline points="591,1743 635,1743 680,1743 725,1740 770,1740 815,1740 859,1737 904,1737 949,1737 994,1740 1038,1737 1083,1737 1128,1740 1173,1740 1218,1743 1247,1743"/>
                <TextEquiv>
                    <Unicode>Laertius, 269, O. See Plato.</Unicode>
                </TextEquiv>
            </TextLine>
            <TextLine id="tr_3_tl_10" custom="readingOrder {index:9;}">
                <Coords points="587,1808 919,1817 981,1795 1078,1821 1147,1797 1215,1815 1294,1803 1294,1762 1244,1749 955,1748 935,1766 587,1751"/>
                <Baseline points="597,1794 641,1794 686,1794 731,1794 776,1794 821,1791 865,1791 910,1791 955,1791 1000,1791 1044,1791 1089,1791 1134,1791 1179,1794 1224,1794 1268,1794 1298,1797"/>
                <TextEquiv>
                    <Unicode>Lallemand, 41, D. See Plinius.</Unicode>
                </TextEquiv>
            </TextLine>
            <TextLine id="tr_3_tl_11" custom="readingOrder {index:10;}">
                <Coords points="580,1861 650,1883 721,1852 853,1867 948,1846 979,1872 1017,1854 1270,1859 1270,1810 1243,1803 1175,1814 1149,1797 1078,1821 979,1797 926,1830 856,1803 767,1817 712,1801 675,1821 580,1806"/>
                <Baseline points="591,1851 603,1848 647,1848 692,1848 737,1848 782,1845 826,1848 871,1845 916,1848 961,1845 1006,1848 1050,1842 1095,1842 1140,1848 1185,1845 1230,1845 1274,1848"/>
                <TextEquiv>
                    <Unicode>Lambinus, 38, Q. See Cicero.</Unicode>
                </TextEquiv>
            </TextLine>
            <TextLine id="tr_3_tl_12" custom="readingOrder {index:11;}">
                <Coords points="759,1922 809,1907 825,1922 882,1922 996,1905 1116,1918 1197,1905 1250,1920 1270,1912 1270,1857 1233,1872 1191,1854 1102,1868 1054,1852 988,1872 941,1846 915,1865 789,1856 759,1872"/>
                <Baseline points="770,1898 815,1898 859,1901 904,1898 949,1901 994,1898 1038,1898 1083,1898 1128,1898 1173,1898 1218,1898 1262,1901 1274,1898"/>
                <TextEquiv>
                    <Unicode>88, Q. See Lucretius.</Unicode>
                </TextEquiv>
            </TextLine>
            <TextLine id="tr_3_tl_13" custom="readingOrder {index:12;}">
                <Coords points="580,1982 924,1960 1103,1980 1166,1960 1268,1987 1387,1964 1387,1905 747,1905 714,1927 580,1907"/>
                <Baseline points="591,1955 629,1952 674,1952 719,1952 764,1952 809,1952 853,1955 898,1952 943,1952 988,1952 1032,1952 1077,1949 1122,1952 1167,1952 1212,1955 1256,1952 1301,1955 1346,1955 1391,1952"/>
                <TextEquiv>
                    <Unicode>Leunclavius, 67, F. See Xerelphon.</Unicode>
                </TextEquiv>
            </TextLine>
            <TextLine id="tr_3_tl_14" custom="readingOrder {index:13;}">
                <Coords points="805,2015 853,2024 906,2011 917,2020 944,2017 963,2008 977,2022 1001,2011 1034,2020 1060,2015 1060,1973 1014,1975 988,1962 948,1976 919,1960 891,1978 877,1964 864,1973 805,1965"/>
                <Baseline points="815,2002 862,2006 907,2006 952,2003 997,2003 1041,2003 1062,2006"/>
                <TextEquiv>
                    <Unicode>77, O. See</Unicode>
                </TextEquiv>
            </TextLine>
            <TextLine id="tr_3_tl_15" custom="readingOrder {index:14;}">
                <Coords points="587,2086 2040,2070 2040,2022 1901,1991 1738,2031 587,2013"/>
                <Baseline points="597,2060 641,2060 686,2060 731,2060 776,2060 821,2060 865,2060 910,2057 955,2057 1000,2057 1044,2060 1089,2060 1134,2057 1179,2060 1224,2057 1268,2057 1313,2057 1358,2057 1403,2057 1447,2060 1492,2060 1537,2057 1582,2060 1627,2060 1671,2060 1716,2060 1761,2060 1806,2060 1851,2063 1895,2060 1940,2060 1985,2060 2030,2060 2045,2060"/>
                <TextEquiv>
                    <Unicode>Libanius, 98, F. Libanii Sophistae Opera Omnia; nunc primum</Unicode>
                </TextEquiv>
            </TextLine>
        </TextRegion>
        <TextRegion id="tr_2" custom="readingOrder {index:2;}">
            <Coords points="591,2060 2045,2060 2045,2923 591,2923"/>
            <TextLine id="tr_2_tl_1" custom="readingOrder {index:0;}">
                <Coords points="796,2143 853,2115 2035,2132 2035,2086 1901,2066 796,2079"/>
                <Baseline points="806,2110 850,2113 895,2110 940,2110 985,2110 1030,2110 1074,2113 1119,2113 1164,2110 1209,2113 1253,2110 1298,2113 1343,2113 1388,2113 1433,2113 1477,2113 1522,2113 1567,2113 1612,2113 1656,2113 1701,2113 1746,2113 1791,2113 1836,2113 1880,2113 1925,2113 1970,2113 2015,2116 2039,2113"/>
                <TextEquiv>
                    <Unicode>prodeunt, parthm e Bibliotheca Regia, partim e Vaticana,</Unicode>
                </TextEquiv>
            </TextLine>
            <TextLine id="tr_2_tl_2" custom="readingOrder {index:1;}">
                <Coords points="783,2172 2024,2187 2040,2132 851,2117 783,2145"/>
                <Baseline points="794,2164 838,2167 883,2167 928,2164 973,2164 1018,2164 1062,2164 1107,2164 1152,2164 1197,2164 1241,2164 1286,2167 1331,2167 1376,2167 1421,2167 1465,2167 1510,2167 1555,2167 1600,2167 1645,2167 1689,2167 1734,2167 1779,2167 1824,2167 1868,2167 1913,2167 1958,2167 2003,2167 2045,2170"/>
                <TextEquiv>
                    <Unicode>aliisque. Fed. Morellus Prof. Reg. Decanus recensuit,</Unicode>
                </TextEquiv>
            </TextLine>
            <TextLine id="tr_2_tl_3" custom="readingOrder {index:2;}">
                <Coords points="787,2225 2040,2236 2040,2183 1848,2172 787,2191"/>
                <Baseline points="797,2218 841,2221 886,2221 931,2218 976,2218 1021,2218 1065,2218 1110,2218 1155,2218 1200,2218 1244,2218 1289,2218 1334,2221 1379,2221 1424,2221 1468,2221 1513,2221 1558,2221 1603,2221 1648,2218 1692,2221 1737,2221 1782,2221 1827,2224 1871,2221 1916,2221 1961,2221 2006,2221 2045,2221"/>
                <TextEquiv>
                    <Unicode>castigavit, Latine vertit, et Notis illustravit. Graece et</Unicode>
                </TextEquiv>
            </TextLine>
            <TextLine id="tr_2_tl_4" custom="readingOrder {index:3;}">
                <Coords points="800,2293 999,2271 1473,2304 1568,2278 1733,2289 1733,2229 1336,2245 1283,2223 1144,2253 800,2229"/>
                <Baseline points="809,2271 853,2271 898,2271 943,2271 988,2271 1032,2271 1077,2271 1122,2271 1167,2271 1212,2269 1256,2271 1301,2271 1346,2271 1391,2271 1436,2271 1480,2271 1525,2269 1570,2269 1615,2269 1659,2271 1704,2271 1737,2271"/>
                <TextEquiv>
                    <Unicode>Latine. Tom. 2. Parisiis, 1606-1627.</Unicode>
                </TextEquiv>
            </TextLine>
            <TextLine id="tr_2_tl_5" custom="readingOrder {index:4;}">
                <Coords points="587,2333 1036,2350 1103,2322 1290,2348 1437,2328 1437,2295 1398,2282 990,2273 787,2298 756,2273 587,2264"/>
                <Baseline points="597,2322 641,2325 686,2325 731,2322 776,2322 821,2322 865,2325 910,2325 955,2322 1000,2322 1044,2322 1089,2322 1134,2322 1179,2322 1224,2325 1268,2325 1313,2322 1358,2325 1403,2325 1439,2325"/>
                <TextEquiv>
                    <Unicode>Lindenbrogius, 51, Q. See Virgilius.</Unicode>
                </TextEquiv>
            </TextLine>
            <TextLine id="tr_2_tl_6" custom="readingOrder {index:5;}">
                <Coords points="587,2408 622,2384 1557,2401 1557,2346 1523,2331 587,2335"/>
                <Baseline points="597,2376 641,2379 686,2379 731,2379 776,2379 821,2379 865,2379 910,2376 955,2376 1000,2376 1044,2376 1089,2376 1134,2376 1179,2379 1224,2379 1268,2379 1313,2379 1358,2379 1403,2376 1447,2379 1492,2376 1537,2379 1561,2382"/>
                <TextEquiv>
                    <Unicode>Linus, 320, O. See Poetæ Minores Græci.</Unicode>
                </TextEquiv>
            </TextLine>
            <TextLine id="tr_2_tl_7" custom="readingOrder {index:6;}">
                <Coords points="589,2439 648,2460 816,2436 1299,2447 1329,2439 1329,2399 1072,2383 966,2406 931,2386 856,2403 805,2386 781,2410 646,2386 589,2403"/>
                <Baseline points="600,2433 618,2430 662,2430 707,2430 752,2433 797,2430 841,2433 886,2430 931,2430 976,2427 1021,2430 1065,2430 1110,2430 1155,2430 1200,2430 1244,2430 1289,2430 1334,2430"/>
                <TextEquiv>
                    <Unicode>Lipsius, J. 116, O. See Facitus.</Unicode>
                </TextEquiv>
            </TextLine>
            <TextLine id="tr_2_tl_8" custom="readingOrder {index:7;}">
                <Coords points="580,2505 2042,2487 1993,2421 1737,2456 580,2439"/>
                <Baseline points="591,2483 612,2483 656,2483 701,2483 746,2486 791,2483 835,2486 880,2483 925,2483 970,2486 1015,2480 1059,2483 1104,2483 1149,2483 1194,2486 1238,2483 1283,2483 1328,2483 1373,2483 1418,2483 1462,2483 1507,2483 1552,2483 1597,2483 1642,2486 1686,2483 1731,2486 1776,2483 1821,2483 1865,2483 1910,2483 1955,2483 2000,2483 2045,2480"/>
                <TextEquiv>
                    <Unicode>Lavius, 32, F. Titi Livii Patavini Historicorum Romanorum Prin¬</Unicode>
                </TextEquiv>
            </TextLine>
            <TextLine id="tr_2_tl_9" custom="readingOrder {index:8;}">
                <Coords points="792,2549 1923,2557 2040,2549 2040,2496 792,2509"/>
                <Baseline points="803,2537 847,2537 892,2537 937,2537 982,2534 1027,2537 1071,2540 1116,2537 1161,2537 1206,2534 1250,2537 1295,2537 1340,2534 1385,2534 1430,2537 1474,2537 1519,2537 1564,2537 1609,2534 1653,2540 1698,2540 1743,2537 1788,2540 1833,2537 1877,2540 1922,2537 1967,2537 2012,2540 2045,2540"/>
                <TextEquiv>
                    <Unicode>cipis, libri omnes superstites, recogniti et emendati ad</Unicode>
                </TextEquiv>
            </TextLine>
            <TextLine id="tr_2_tl_10" custom="readingOrder {index:9;}">
                <Coords points="800,2619 2033,2602 2033,2551 1971,2538 1638,2571 800,2551"/>
                <Baseline points="809,2588 853,2588 898,2588 943,2588 988,2588 1032,2588 1077,2588 1122,2591 1167,2591 1212,2588 1256,2591 1301,2591 1346,2591 1391,2591 1436,2591 1480,2591 1525,2591 1570,2591 1615,2591 1659,2594 1704,2591 1749,2591 1794,2591 1839,2591 1883,2591 1928,2591 1973,2591 2018,2591 2036,2588"/>
                <TextEquiv>
                    <Unicode>MSS. Codd. Fuld. Mogunt. et Colon. fidem, à Francis¬</Unicode>
                </TextEquiv>
            </TextLine>
            <TextLine id="tr_2_tl_11" custom="readingOrder {index:10;}">
                <Coords points="791,2646 1938,2663 2037,2654 2037,2600 791,2619"/>
                <Baseline points="800,2642 844,2642 889,2642 934,2642 979,2642 1024,2645 1068,2645 1113,2645 1158,2645 1203,2645 1247,2645 1292,2645 1337,2645 1382,2648 1427,2645 1471,2648 1516,2645 1561,2645 1606,2645 1650,2645 1695,2645 1740,2645 1785,2645 1830,2645 1874,2642 1919,2642 1964,2639 2009,2645 2042,2645"/>
                <TextEquiv>
                    <Unicode>co Modio; nunc etiam comparati cum Membranis Bibl.</Unicode>
                </TextEquiv>
            </TextLine>
            <TextLine id="tr_2_tl_12" custom="readingOrder {index:11;}">
                <Coords points="792,2703 2037,2708 2037,2654 1083,2675 792,2646"/>
                <Baseline points="803,2692 847,2695 892,2695 937,2695 982,2695 1027,2698 1071,2695 1116,2698 1161,2698 1206,2695 1250,2695 1295,2698 1340,2698 1385,2698 1430,2698 1474,2698 1519,2698 1564,2698 1609,2698 1653,2698 1698,2698 1743,2698 1788,2698 1833,2695 1877,2695 1922,2698 1967,2695 2012,2698 2042,2695"/>
                <TextEquiv>
                    <Unicode>Palat. Elect., melioresque facti curâ tertiâ Jani Gruteri:</Unicode>
                </TextEquiv>
            </TextLine>
            <TextLine id="tr_2_tl_13" custom="readingOrder {index:12;}">
                <Coords points="800,2763 2033,2758 2033,2719 1867,2703 800,2718"/>
                <Baseline points="809,2749 853,2746 898,2749 943,2749 988,2749 1032,2749 1077,2749 1122,2749 1167,2752 1212,2752 1256,2752 1301,2752 1346,2752 1391,2752 1436,2752 1480,2752 1525,2752 1570,2752 1615,2752 1659,2752 1704,2752 1749,2752 1794,2752 1839,2752 1883,2752 1928,2752 1973,2749 2018,2749 2036,2749"/>
                <TextEquiv>
                    <Unicode>cujus accedunt Notae criticae et Ipoliticae; nec non quin¬</Unicode>
                </TextEquiv>
            </TextLine>
            <TextLine id="tr_2_tl_14" custom="readingOrder {index:13;}">
                <Coords points="791,2824 2033,2820 2033,2771 1918,2750 1755,2780 791,2763"/>
                <Baseline points="800,2800 844,2803 889,2803 934,2803 979,2803 1024,2803 1068,2806 1113,2806 1158,2806 1203,2806 1247,2806 1292,2806 1337,2806 1382,2806 1427,2806 1471,2806 1516,2806 1561,2806 1606,2806 1650,2806 1695,2806 1740,2803 1785,2806 1830,2806 1874,2806 1919,2803 1964,2806 2009,2806 2036,2803"/>
                <TextEquiv>
                    <Unicode>quaginta aliquot in Corn. Facitum Discursus, &amp;c. Fran¬</Unicode>
                </TextEquiv>
            </TextLine>
            <TextLine id="tr_2_tl_15" custom="readingOrder {index:14;}">
                <Coords points="791,2866 1378,2873 1378,2820 1356,2816 1221,2813 1190,2833 1014,2813 997,2827 961,2813 791,2826"/>
                <Baseline points="800,2854 844,2854 889,2857 934,2857 979,2860 1024,2857 1068,2860 1113,2860 1158,2860 1203,2860 1247,2860 1292,2860 1337,2860 1382,2860"/>
                <TextEquiv>
                    <Unicode>cofurti ad Mœnum, 1628.</Unicode>
                </TextEquiv>
            </TextLine>
            <TextLine id="tr_2_tl_16" custom="readingOrder {index:15;}">
                <Coords points="736,2941 2042,2924 2042,2873 1918,2836 1814,2880 736,2873"/>
                <Baseline points="746,2901 791,2904 835,2907 880,2907 925,2910 970,2907 1015,2910 1059,2913 1104,2913 1149,2913 1194,2913 1238,2910 1283,2913 1328,2913 1373,2913 1418,2913 1462,2913 1507,2913 1552,2913 1597,2913 1642,2913 1686,2913 1731,2913 1776,2913 1821,2913 1865,2913 1910,2913 1955,2913 2000,2910 2045,2907"/>
                <TextEquiv>
                    <Unicode>- 343, O. Titi Livii Historiarum quod exstat, cum integris</Unicode>
                </TextEquiv>
            </TextLine>
        </TextRegion>
    </Page>
</PcGts>
