2479 3508
558 306 640 386 26
1041 290 1551 395 ANCIENT LITERATURE.
554 394 1724 492 Phurnutus, 297, O. See Opuscula Mythologica, &c.
558 468 1243 539 Pichena, 116, O. See Tacitus.
558 519 1258 594 Pierius, 51, Q. See Virgilius.
558 574 2010 638 Pindarus, 15, D. Omnia Pindari quae extent. Olympia, Pythia,
773 629 2025 691 Nemea, Isthmia. Cum Interpretatione Latina. Graece
775 678 1693 745 et Latine. Glasguae, apud Foulis, 1744.
733 714 2019 804 110, F. Pindari blympia, Nemea, Isthmia. Una cum
773 791 2019 851 Latina omnium Versione Carmine Lyrico per Nicolaum
764 847 2023 908 Sudorium, Scholiis antiquis Graecis, Variantibus Lec¬
769 891 2025 959 tionibus, Vita Pindari, Chronologia Olympionicarum,
775 948 1414 1011 &c. &c.  Exonii, 1697.
560 991 1496 1063 Pintianus. 158, O. See Pomponius Mela.
558 1050 1431 1112 Pitiscus, 156, O. See=Aurelius Victor.
558 1110 2021 1183 Plato, 269, O. Platonis Philosophi quae exstant Graece ad edi¬
773 1157 2019 1219 tionem Henrici Stephani accurate expressa, cum Mar¬
775 1216 2025 1270 silii Ficini Interpretatione, Praemittitur L. III. Laertii
773 1261 2016 1334 de Vita et Dogm. Platonis. Cum Notitia Literaria.
775 1318 2021 1383 Accedit Varietas Lectionis. Tom. 12. Biponti, 1781.
724 1374 2028 1436 — 200, O. Platonis Phaedo. Scholarum in usum seorsum, cum
778 1429 2025 1502 Annotatione perpetua edidit, L. H. Heindorfius. Graece.
778 1478 1126 1556 Berolini, 1810.
745 1514 898 1600 22, D
939 1524 1547 1609 Platonis Apologia Socratis.
933 1586 1072 1651 Cinto.
937 1640 1431 1708 Alcibiades Secundus.
931 1686 1511 1757 Cebetis Thebani Tabula.
931 1742 1655 1826 Xenophontis Prodici Mercules.
1697 1731 2028 1817 Græce et La¬
1013 1795 1589 1864 tine. Abredoniae, 1759.
1680 1844 2023 1915 Accedit Com¬
563 1841 1648 1906 Plautus, 265, O. M. Accii Plauti Comœdiæ.
773 1905 2023 1966 mentarius ex Variorum Notis et Observationibus, &c.
775 1950 2030 2028 &c. Ex recensione Joh. Frederici Gronovii. Lugduni
775 2003 1192 2078 Batavorum, 1664.
718 2069 2019 2129 —275, O. M. Accii Plauti Comœdiae, cum Commentariis Va¬
782 2114 2028 2183 riorum ex recensione Joh. Frederici Gronovii. Tom. 2.
782 2165 1245 2229 Amstelodami, 1684.
751 2218 2019 2285 292, O. M. Accii Plauti, Sarsinatis Umbi Comœdiae XX.
782 2280 2025 2344 superstites et deperditarum fragmenta. Philippus Pa¬
778 2324 2025 2391 reus tertium recensuit: ac Notis perpetuis illustravit.
787 2378 1201 2451 Francofurti, 1641.
569 2420 2028 2510 Plinius, 41, D. C. Plinii Caecilii Secundi Epistolae et Panegyri¬
778 2486 2025 2555 cus Trajano dictus. Recensuit Joannes Nic. Lalle¬
784 2531 1303 2608 mand. Parisiis, 1769.
755 2582 2028 2674 87, F. C. Plinii Secundi Historiae Mundi libri triginta
778 2644 2028 2708 septem. Cura Des. Erasmi Roterodami. Cum Cas¬
787 2695 1914 2777 tigationibus Sigismundi Gelenii. Lugduni, 1548.
570 2756 2025 2827 Plotinus, 125, F. Plotini Divini illius è Platonica familia Philoso¬
796 2801 2034 2872 phi, De rebus Philosophicis libri LIII. in Enneades sex
789 2869 2036 2945 distributi, à Marsilio Ficino Florentino è Graeca lingua
