2479 3508
1195 215 1278 331 33
810 563 1657 692 PHILOLOGY AND CRITICISM.
760 735 1974 840 imniensis, 70, F. Academiae Oxoniensis Comitia
493 738 731 860 Academia
714 838 1965 897 Philologica in The subro Sheldoniano decimo die Julii,
714 882 1965 945 A. D. 1713. celebrata in Honorem Ser. Reginæ
718 937 1438 1011 Annae Pacificae. Oxonii, 1713.
493 946 1974 1059 Administulum Puerile, 23, D. Adminiculum Puerile: or, an Help
709 1053 1738 1114 for Schoolboye, &c. &c- Philadelphia, 1785.
493 1061 1976 1166 Ainsworth, 90, O. An Abridgement of the Quarto Edition of
714 1151 1959 1232 Ainsworth’sIctionary, English and Latin, &c. by
718 1197 1711 1276 Thomas Morrell, L. L. D. London, 1785.
497 1219 1351 1329 Antesignanus, 321, O. See Hesiodus.
497 1307 1972 1381 Aschani, 195, O. The Scholemaster: shewing a plain and perfect
713 1374 1965 1432 way of teaching the learned Languages. By Roger
709 1420 1965 1482 Aschani, Esq. Preceptor to Queen Elizabeth. Revised
705 1464 1974 1558 and improved by James Union, A. M., &c. London,
713 1526 843 1593 1743.
685 1537 1254 1646 257, O. See Faber, Tan.
493 1591 1467 1698 Aulus Gellius, 341, O. See P. Mosellanus.
497 1642 1968 1753 Bachmair, 211, O. A German Grammar, containing the theory
703 1755 1963 1806 of the language, through all the Parts of Speech, &c.
705 1795 1959 1860 &c. By John James Bachmair, M. A. Philad. 1788.
493 1827 1965 1915 Bentzius, 69, F. Thesaurus Elocutionis Oratoriae Græcolatinus
705 1898 1959 1972 Novus, &c. a M. Joanne Bentzio, Bruxellense. Basileae,
714 1950 845 2025 1581.
492 1961 1957 2092 Blount, 99, F. Censura celebriorum Authorum, sive Trac¬
709 2055 1954 2121 tatus in quo Varia Virorum Doctorum de Claris¬
709 2119 1959 2178 simis cujusque Seculi Scriptoribus judicia traduntur,
713 2154 1954 2224 &c. &c. Omnia in Studiosorum gratiam collegit, &c,
714 2217 1911 2289 Thomas Pope Blount, Anglo-Britannus, Baronettus.
713 2267 1051 2342 Londini, 1690.
493 2314 1955 2394 Brutus, 330, O. Joh. Michaelis Bruti Opera varia selecta, nimi¬
709 2370 1959 2443 rum Epistol. Lib. V. de Historiae Laudibus, sive de Ra¬
709 2430 1959 2491 tione legendi Scriptores historicos liber, Praeceptorum
703 2482 1957 2572 Conjugalium liber, Epistolis et Orationibus compluri¬
709 2524 1199 2605 bus. Berolini, 1698.
492 2550 1959 2666 Calepinus, 34, F. Ambrosii Calepini Dictionarium, tanta tamque
705 2635 1950 2712 multa verborum, tum Latinorum, tum etiam Graecorum,
700 2703 1959 2766 quae suis Latinis bellissimè respondent, loquendique
709 2747 1950 2810 formularum accessione adauctum, ut thesaurus Linguae
705 2801 1959 2885 Latinae dici possit. Adjunctae sunt praeterea singulis
