2479 3508
999 244 1612 349 PHILOLOGY AND CRITICISM.
578 253 657 338 36
578 356 2042 446 Harris, 240, O. lermes; or, a Philosophical Inquiry concerning
795 415 2038 483 Language and Universal Grammar. By James Harris.
795 476 1133 540 London, 1751.
580 481 2044 584 Hedericus, 105, O. Benjamin Hederici Lexicon Minuale Latino¬
799 573 2046 648 Germanicum, &c. &e. etc. Cum Compendiorum Scrip¬
795 639 1998 707 turæ Signorumque, &c. &c. Ilterpretatione, Lc. ###c.
804 687 1346 762 Tom. 2. Lipsiæ, 1766.
580 698 2044 810 Howison, 26, Q. A Tictionary of the Malay Tongue, as spoken
802 790 2044 859 in Malacca, Iava, Borneo, &c. &e. With a Grammar
795 843 2044 931 of that language. By James Howison, M. D. Map.
795 900 1144 955 London, 1801.
584 940 2053 1019 Johnson, 19, F. AIictionary of the English language: in which
793 1014 2046 1067 the words are dediueed from their originals, and illus¬
799 1056 2055 1127 trated in their different significations by example from
799 1122 2055 1183 the best Heiters, &c. & c. &e. By Samuel Johnson,
804 1157 1530 1232 A. M. 2 vols. London, 1755.
580 1177 2049 1273 Ker, 247. O. Secretarum delingua Latina Observationum libri¬
804 1269 2046 1346 duo. Ductu et Cura Joannis Ker. Tom. I. Londini,
808 1322 940 1385 1709.
580 1388 2053 1454 Leusden, 126, Q. Philologus Hebraeus, in quo pleræque quaes¬
812 1427 2053 1487 tiones generales philologico-hebraicae, concernentes
802 1484 2049 1553 Textum Hebraeum Veteris Testamenti dilucidè pertrac¬
804 1542 2060 1603 tantur. Cum Catalogo hebraico et latino sexcentorum
808 1594 2055 1656 et tredecim Praeceptorum, in quo totus Pentateuchus
804 1654 2060 1713 ex sententiâ Judaeorum divisus est. Authore Joanne
804 1691 1697 1781 Leusden, M. A. &c. Ultrajecti, 1657.
872 1743 1329 1812 O. See Faber, Tan.
588 1744 845 1822 Locke, 257
597 1798 2055 1875 Manutius, 281, O. Adagia optimorum utriusque Linguae Scrip¬
812 1853 2055 1921 torum omnia, quaecunque ad hunc usque diem exierunt.
804 1904 1987 1968 Pauli Manutiiiscudio, &c.&c.Lc. Ursellis, 1603.
755 1957 1282 2035 - 34, F. See Calepinus.
588 1996 2060 2079 Miege, 54, F. The Great French and English Tictionary, accord¬
802 2068 2062 2132 ing to the ancient and Modern Orthography with
812 2119 2058 2196 Grammars, Lc. &c. dc. By Guy Miege, Gent. Lon¬
804 2172 1060 2244 don, 1688.
597 2209 1368 2301 Milton, 257, O. See Faber, Tan.
599 2286 2057 2347 Moor, 184, O. Elementa Linguae Græcae; novis, plerumque,
808 2330 2060 2396 Regulis tradita,&c. &c. Studio Jacobi Moor,LL. D.
815 2383 1339 2450 &c. Edinburgi, 1798.
599 2431 1317 2501 Morrell, 90, O. See Ainsworth.
604 2466 2053 2552 Morrison, 1, Q. AIictionary of the Chinese language, &c. &c..
815 2536 2058 2604 By the Rev. R. tant son. Vol. 1. part 1. Macao, 1815.
771 2596 2064 2683 20, Q. A Grammar of the Chinese language. By the
815 2653 1768 2712 Rev. Robert Iorison. Serampore, 1815.
604 2694 2055 2758 Mosellanus, P. 341, O. Annotationes Petri Mosellani Protogen¬
815 2756 2055 2826 sis in clarissimas Auli Gellii Noctes Atticas.—Plu¬
815 2808 2025 2896 tarchus Chæron. de educatione puerorum. Graece.-
