2479 3508
671 580 1965 691 PHYSICAL AND MATHEMATICAL SCIANCES.
596 742 2052 840 Adam’s, 185, O. A Greatise on the construction and Use of new
811 831 2050 895 Celestial and Terrestrial /Globes, |c. &c. | By George
811 884 1586 959 Adams. Plates. London, 1766.
826 920 2056 999 Nautical, &c. 82, O. The Nautical Almanac and As¬
590 937 802 1015 Almanac'
807 990 2056 1057 tronomical Epheimeris for the years 1767, 8, 9, 70, (with
802 1041 2043 1101 Martin’s Institutions of Astronomical Calculations.—
811 1097 2043 1165 Tables de la Lune, &c. par M. Elairaut.—Tables, re¬
798 1150 2056 1210 quisite to be used with the Astronomical and Nautical
800 1201 2048 1267 Ephemeris, &c. &c.) 1771, 2, 3, 4, 5, 6, 7, 8, 9, '80,
806 1247 2052 1319 2, 3, 4, 5, 6, 7, 8, 9, 790. (Cum Tabulis pro supputan¬
802 1307 2048 1374 dis Eclipsibus Secundi Satellitis Jovis: auctore D. War¬
806 1360 2052 1431 gentin, &c.—Description of a method for Kjusting
798 1414 2047 1473 Hadley’s Quadrant, &c. by R. Blair.—Edwards on Re¬
798 1465 2050 1522 flecting Telecopes.— Right Ascessions and Zenith Dis¬
802 1520 2052 1591 tances of the Moon, dediueed from Dr. Gradley’s Ob¬
798 1571 1179 1648 servations, &c.
1199 1576 2045 1660 Lyons’s Astronomical Problems.)
806 1618 1890 1699 1791, 96, 97, 99, 1802, 3, 4. London—V. Y.
587 1666 1624 1737 Apollodorus, 15, F. See Mathematici Veteres.
583 1717 2048 1792 Aristolle, 60, Q. Commentarii Collegii Conimbricensis Societatis
798 1784 2047 1839 Jesu, in Quatuor libros de Cœlo, Meteorologicos et
798 1839 2047 1899 Parva Naturalia, Aristotelis Stagiritæ. Coloniae, 1603.
581 1890 1564 1948 Athenæus, 15, F. See Mathematici Veteres.
587 1952 2043 2016 Bailly, 56, Q. Histoire de l’Astronomie Moderne, depuis la fon¬
796 1997 2038 2061 dation de l’ecole d’Alexandrie jusqu’à l'epoque de
796 2045 1988 2134 1782. Por M. Bailly. Time 3me. a Paris, 1782.
583 2105 1374 2172 Beaumont, 99—1, Q. See Burnet.
587 2160 2034 2240 Belidor, 16, D. Le Bombardier François, ou Nouvelle Methode
796 2216 2034 2291 de jetter les Bombes avec précision. Par M. Belidor.
796 2260 1482 2324 Avec figures. A Paris, 1731.
583 2293 2039 2382 Bezout, 350, O. Elementos de Analyse por Mr. Bezont, traduzi¬
789 2373 1813 2446 dos de Francez. Tom. II. Coimbra, 1801.
583 2420 1456 2493 Bito, 15, F. See Mathematici Veteres.
581 2475 1551 2533 Blair, 82, O. See Almanac, Nautical, &c.
581 2524 2032 2584 Boyle, 313, O. experimenta, Observationes, &c. circa Mechani¬
789 2584 2036 2643 cam variarum particularium Qualitatum Originem sive
784 2635 2034 2701 Productionem. Accessit Tractatus, quo Chymistanum
793 2686 2030 2743 de Qualitatibus Doctrinae Imperfectio detegitur. Nec¬
787 2739 2034 2823 non quaedam in Hypothesin de Alcali et Acido Animad¬
