2479 3508
588 281 670 363 42
860 283 1784 376 PHYSICAL AND MATHEMATICAL SCIANCES.
796 382 2056 477 strumens, de concert avec M. Messier, Astronome de la
805 449 1726 508 Marine. Avec figures. A Paris, 1768.
594 499 1213 575 Cunn, 214, O. See Euclid.
586 550 1255 630 Dalby, 17, Q. See Williams.
594 601 1487 678 Desaguliers, 79, Q. See s'Gravesande.
586 678 2047 740 Des-Cartes, 102, Q. Renati Des- Cartes Principia Philosophiae.
796 729 1748 783 Amstelodami, apud L. Elzevirium, 1750.
581 762 2049 842 De Dimensione, §c. 120—1, Q. De dimensione quarundam superfi¬
802 822 2042 893 cierum curvilinearium, ac corporum inde genitorum, &c.
796 875 1419 946 &c. &c. Bambergae, 1773.
590 889 1640 986 Edwards, 82, O. See Almanac, Nautical, &c.
590 979 2044 1045 Ellicott, 40, Q. The Journal of Andrew Elliott, late Commis¬
796 1035 2055 1103 sioner on behalf of the United States during part of the
798 1085 2049 1152 year 1796, the years 1797, 1798, 1799, and part of 1800,
796 1136 2047 1207 for détermining the Boundary between the United
805 1193 2049 1262 Stats and the Possessions of his Catholic Majesty in
796 1247 2055 1313 America, containing Remacks on the Situation, Soil,
798 1298 2056 1350 Rivers, Natural Productions, and Diseases of the dif-
798 1350 2053 1423 ferent Countries on theilio, Mississippi, and Culf of
796 1404 2047 1468 Maxico. With six Maps, and an Appendix. Phila¬
805 1452 1132 1529 delphia, 1803.
584 1470 2047 1587 Emerson, 75, Q. The Principales of Mechanics, &c. &e. &c., By
809 1561 2051 1629 William Emerson. With 43orppelates. London,
805 1614 937 1682 1758.
774 1662 2053 1744 134. 0. The Element of Trigonometry. By William
798 1720 1613 1792 Emerson. Plates. London, 1749.
586 1771 2040 1839 Eucid, 228, O. Euclidis Elementorum libri priores sex, item,
798 1824 2047 1888 undecimus et duodecimus. Ex Versione Latina Fede¬
802 1881 2053 1943 rici Commandini. Quibus accedunt Trigonometriae
807 1934 2047 2002 planae et sphericae Elementa. Item, Tractatus de Na¬
798 1987 1974 2056 tura et Arithmetica Logarithmorum. Oxonii, 1723.
765 2029 2053 2107 214, O. Euclid’s Element of Geometry, from the Latin
796 2095 2047 2160 translation of Commandine. With Greatises on Arith¬
798 2153 2040 2221 metic and Trigonometry, &c. &e. By Dr. John Keil,
796 2199 2009 2259 F. R. S. &c. Revised, & c. &e. by Samuel Cunn.-
796 2250 1136 2321 London, 1741.
774 2301 1187 2374 6, F. See Luders.
586 2370 2040 2423 Ewing, 56, O. A Plain Elementary andEdactical System of Na¬
805 2414 2038 2482 tural and La-perimental Philosophy; including Astron¬
805 2456 2040 2537 nomy and Chronology. By the late Rev. John Ewing,
807 2517 2044 2580 D. D. &c. With Notes, &c, by Robert Patterson, Prof.
802 2571 2047 2657 &c. and the Life of the Author. Plates. Philadel-
815 2619 1061 2699 phia, 1809.
594 2677 2047 2747 Ferguson, 32, Q. Astronomy explained upon Sir Isaac Newton’s
811 2732 2053 2787 Principles, and made easy to those who have not studied
807 2783 2055 2878 Mathematics. By Jamesnoerguson. plates. London,
805 2836 944 2922 1757.
