2479 3508
767 277 1685 396 PHYSICAL AND MATHEMATICAL SCIANCES.
700 392 1951 477 Richt and Oblique Ascessions and Logistical Logar¬
700 473 1946 534 ithms. By Charles Leadbetter. Vol. II. Lond. 1728.
488 495 1955 594 Le Gentil, 47, Q. Vovage dans les Mers de l'Inde, fait par ordre
700 572 1955 644 du Roi, a l'occasion du Passage de Venus, sur le
706 629 1951 700 Disque du Soleil, le 6 Juin, 1761, et le 3 du même
697 686 1957 754 mois 1769. Par M. Le Gentil, de l’Academie Royale
702 734 1924 803 des &ciences. Avec figures. Tom. 2. A Paris, 1779.
490 787 1219 867 Le Seur, 70, Q. See Newtonus.
726 812 1953 913 129—1, O. Caroli Linnaei Oratio de Telluris habitabi¬
493 844 699 913 Linnaeus
702 893 1738 955 lis incremento. Lugduni Batavorum, 1744.
484 950 1953 1018 Luders, 6, F. Traicté Mathematique; contenant les principales
702 1005 1960 1073 Definitions, &c. d'Euclide, l'Arithmetique decimale, la
706 1056 1957 1120 Trigonometrie, la Longimetrie, Ia Planimetrie et Stereo¬
702 1108 1953 1170 metrie, la Fortification Hollandoise, Françoise, Ita¬
702 1163 1960 1225 lienne et Espagnole, la Perspective militaire, et la Geo¬
702 1227 1960 1298 graphie Universelle: par Theodore Luders. A Paris,
706 1273 838 1335 1680.
491 1315 1962 1394 Ludlam, 52, Q. Astronomical Observations made at St. John's
702 1377 1966 1452 College, Cambridge, in 1767 and 1768: with an Account
702 1428 1953 1504 of several Astronomical Instrument. By the Rev. Mr.
704 1493 1568 1557 Ludlam. Plates. Cambridge, 1769.
497 1539 1476 1610 Lyons, 82. O. See Almanac, Nautical, &c.
493 1584 1199 1660 Marchin, 171, O. See Newton.
1608 1628 1957 1718 By Iolin Mac
501 1643 1575 1709 Mac Laurin, 93, Q. A Greatise of Fluxions.
1608 1687 1955 1773 2 vols. Edin-
706 1700 1577 1759 Laurin, A. M., F. R. S. &c. Plates.
706 1753 974 1821 burg, 1742.
510 1775 1966 1876 Macquer, 123, O. Element of the theory and Pracice of Chy¬
706 1856 1953 1927 mistry. Translated from the French of M. Macquer.
721 1913 1287 1975 Vol. II. London, 1758.
491 1951 1957 2026 Mairan, 46, Q. Traité physique et historique de l'Aurore Boré¬
700 2017 1964 2079 ale. Par M. de Mairan. suite des Mémoires de
710 2072 1964 2134 l'Académie Royale des &ciences, Année. 1731. Avec
715 2127 1278 2200 figures. A Paris, 1754.
506 2180 1506 2246 Martin, 82. O. See Almanac, Nautical, &c.
497 2215 1957 2311 Mathematici Veteres, 15, F. Veterum Mathematicorum Athenaei,
715 2290 1962 2355 Apollodori, Philonis, Bitonis, Heronis et Aliorum Opera,
711 2338 1962 2402 Græce et Latine, pleraque nunc primum edita. Ex
715 2393 1799 2452 MSS. Codd. Bibliothecæ Regis. Parisiis, 1693.
502 2450 1962 2520 Mathematiques, &c. 50, F. Divers Ouvrages de Mathematique
711 2503 1960 2586 et de Physique. Par MM. de l'Academie Royale des
706 2549 1315 2631 Sciences. A Paris, 1693.
502 2580 1273 2675 Messier, 55, Q. See Courtanvaux.
506 2659 1672 2741 Miller, 97, D. Element of Natural Philosophy.
1694 2652 1957 2752 By George
713 2710 1713 2809 Miller, D. D., &c. Plato. Dublin, 1799.
501 2758 1163 2844 Motte, 171, O. See Newton.
501 2822 1174 2917 Mjudge, 17, Q. See Williams.
