2479 3508
760 230 1687 349 MORAL PHILOSOPHY AND JURISPRUDANCE.
694 316 1945 438 cessere duo ejusdem Authoris insignes Tractatus; prior
698 424 1861 475 de Meteris posterior de Oculo, &c. Oxoniae, 1631.
486 460 1941 535 Breutigamb, 138—4, Q. De Executione in causis Feudalibus,
694 520 1903 594 &c. &c. Auctore S. Breutigamb. Bambergae, 1762.
482 573 1390 643 Buchnerus, 27, F. See Faber, Basilius.
486 639 1255 698 Buddeus, 508, O. See Vitriarius.
486 676 1941 751 Burlamaqui, 128, O. The Principales of Politic Law: being a se¬
694 730 1938 800 quel to the Principales of Natural Law. By J. J. Burla¬
694 774 1907 846 maqui. Translated into English by Mr. Nugent.-
696 838 1043 911 London, 1752.
712 891 1947 950 66, F. Lexicon Juridicum Juris Caesarei simul, et
482 882 692 981 Calvinus.
694 944 1945 1006 Canonici, Feudalis item, Civilis, Criminalis, theoretici
694 1004 1947 1065 et practici,&c. &c. Accedunt Feudale Lexicon; Leges
694 1057 1947 1119 et Magistratus Roman. & c. &c. &c. Studio et Opera
688 1110 1943 1167 Johannis Calvini, alias Kahl, Wettrani, Juris Doctoris,
698 1161 1938 1235 &c. Cum Praefationibus Gothofredi et Vulteii. Gene¬
698 1216 920 1286 væ, 1653.
990 1224 1943 1322 Benedicti Carpzovii, J. U. D. et Cons.
482 1258 950 1339 Carpzovius, 97, F.
698 1313 1938 1384 Electoris Saxonici definitiones Ecclesiasticae seu Con¬
688 1381 1938 1443 sistoriales, &c. &c. etc. Accessit usus Arboris Con¬
694 1419 1925 1488 sanguinitatis et Affinitatis in foro Saxon. &c. 6c. Lc.—
694 1477 1014 1543 Lipsiae, 1708.
478 1516 1359 1602 Cellarius, 27, F. See Faber, Basilius.
486 1558 1947 1642 Chauvinus, 18, F. Lexicon Philosophicum secundis Curis Ste¬
703 1634 1947 1702 phani Chauvini, Philosophiae Professoris, &c. Lc. Cum
699 1693 1479 1753 Tabulis aeneis. Leovardiae, 1713.
486 1722 1945 1808 Corvinus, 62, D. Johannis Am. Corvini, J. C. Enchiridium;
688 1792 1947 1861 seu Institutiones Imperiales insertis latioribus materiis,
694 1848 1936 1919 theoricè, et practicè digestae et explicatae per Erotemata.
698 1905 1154 1974 Amstelodami, 1649.
482 1927 1293 2018 Curtius, J. 76, Q. See Theophilus.
486 2018 1193 2073 Cyril, S. 51, F. See Julianus.
698 2047 1947 2124 91—1, Q. De eo, quod Jure publico universali circa
486 2060 670 2139 Dangel,
694 2113 1945 2197 Collegia, praesertim litteraria, Juris est, &c. Lc. Auct.
698 2170 1472 2248 G. A. Dangel. Bambergæ, 1744.
676 2224 1350 2290 124—1, Q. The same Work.
730 2272 1945 2341 124—5, Q. Differentiae Juris Communis et Franconici
482 2272 709 2352 Demeradt
694 2330 1930 2396 Petri Rod. Demeradt, &c. &e. C-c. Cum notis Leo
694 2383 1583 2449 nardi Curlier, &c. Wirceburgi, 1742.
478 2420 1947 2496 Duane, W. J. 52—1, O. An lnvestigation of the Law of Nations.
698 2487 1565 2551 By W. J. Duane. Philadelphia, 1809.
694 2531 1936 2606 140—2, Q. Certamen Possessorium per Canonico-Le¬
480 2540 672 2617 Dumler,
698 2595 1932 2663 gales expositum Contreversias, &c.&c. Auctore G. S.
698 2646 1344 2719 Dümler. Ingolstadii, 1693.
703 2674 1927 2767 139—5, Q. Dissertationes Ethicae ex principiis Philoso
478 2666 678 2778 Ehrthal,
699 2758 1941 2823 phiae Moralis, et Oraculis Christianorum ac Gentium
694 2807 1945 2885 concinnatae, &c. &c Auct. C. F. W. L. B. ab Ehrhtal.
694 2864 1079 2951 Herbipoli, 1736.
