2479 3508
750 245 1673 361 MORAL PHILOSOPHY AND JURISPRUDANCE.
476 342 1929 439 Loven, 144—1, Q. De Jure Principis Catholici circa Sacra, &c.
688 430 1852 500 &c. &c. Auctore C. C. Löven. Bambergæ, 1744.
725 479 1927 540 —3, Q. De Recentiorum quarta Mentis operatione sive
476 470 699 565 Lou, 139
692 536 1929 595 14 Methodo, &c. dc. Auctore J. Löw. Bambergae, 1750.
479 584 1927 661 malebranche, 71, F. Father Malebranche his Greatise concerning
688 646 1931 708 the search after Truth. With the Author’s Greatise
684 684 1932 769 of Nature and Grace, &c. ec. etc. Also a short Dis-
684 759 1887 829 course upon Lightes and Colours, by the same Author.
697 798 1914 875 Translate by T. Taylor, M. A. &c. London, 1700.
476 820 1931 926 Montaigne, 79, F. Les Essais de Michel Seigneur de Mon¬
688 900 1932 970 taigne. Avec des Annotations en Marge, et la Vie de
688 957 1931 1028 l'Auteur extraicte de ses propres Escrits. A Paris,
699 1016 833 1087 1740.
467 1049 1938 1135 Montesquieu, 199, O. The Spirit of Laws. Translated from the
694 1124 1936 1215 French of M. de Secondat, Baron de Montesquieu, by
688 1168 1568 1246 Mr. Nugent. 2 vols. London, 1752.
472 1228 1938 1296 Muller, 122—3, Q. De Pedi et Gladii, sive Jurisdictionis Spiri¬
684 1283 1938 1340 tualis et Temporalis in Episcopatibus Germaniae Con¬
683 1334 1929 1409 nubio, &c. &c- Auctore Chr. Müller. Bambergæ.
470 1372 1932 1451 Mulzer, 97—4, Q. De eo, quod circa Communionem Bonorum,
692 1440 1903 1524 &c. &c. justum esse videtur; auctore G. C. Mulzer.-
692 1490 1085 1576 Bambergae, 1757.
666 1519 1938 1620 124—2, Q. De eo, quod circa Communionem Bonorum
684 1592 1932 1665 Dominii translativam inter Conjuges, ex jure Naturae,
683 1656 1936 1718 &c. &c. dc. justum esse videtur, 2c. 2xc. Auctore
684 1696 1455 1779 J. C. Mulzer. Bambergæ, 1758.
646 1742 1936 1830 125—5, Q. Casus selecti ad Quatuor libros Institutionum,
692 1812 1934 1879 &c. dc. &c. Auctore G. C. Mulzer. Bambergæ, 1754.
703 1865 1938 1932 van, 355. O. Johannis van Muyden, Compendiosa
465 1845 677 1954 Muyden,
688 1901 1900 1995 Pandectarum Tractatio, edita in usum Collegiorum.-
694 1962 1308 2048 Trajecti ad Rhenum, 1695.
472 2006 1916 2095 Nieser, 122—5, Q. Theses, &c. Juridicæ-Theologicæ, &e. &c.—
688 2077 1669 2169 Auctore, D. N. Nieser. Bambergæ, 1766.
472 2095 1266 2207 Nugent, 128, O. See Burlamaqui.
688 2176 1290 2253 199, O. See Montesquieu.
694 2218 1929 2306 111—7, Q. Positiones Philosophicae, &c. &e. Auct.
476 2229 666 2315 Padum,
688 2284 1839 2375 D. C. Padum et D. J. Wagner. Bambergæ, 1792.
474 2319 1190 2410 Petavius, 51, F. See Julianus.
479 2386 1927 2463 Pflaum, 138—6, Q. De Bonæ Fidei Possessore Fructus con¬
688 2454 1923 2531 sumptos, si exinde locupletior factus, restituente, &c.
688 2494 1715 2577 &c. Auctore M. Pflaum. Bambergae, 1773.
465 2562 1932 2633 Philosophiæ, Ichnographia &c. 111—9, Q. Ichnographia Philoso¬
703 2613 1534 2677 phiae, Critica, &c. Bambergæ, 1796.
472 2648 1451 2719 Pithoeus, 33, F. See corpus Juris Civilis.
476 2707 714 2800 Platnerus,
741 2705 1929 2791 141—4, Q. Super usu LegisBhodiae de Jactu in
694 2772 1932 2873 Bello terrestri, &c. &c Auct. F. Platnerus. Lipsiae,
694 2822 818 2910 1762.
