2479 3508
1289 281 1372 378 60
729 668 1933 789 HISTORY, BIOGRAPHY, ANDrtEOGRateY.
608 842 2056 939 Acherley, 68, F. The Britannic Constitution: or, the Fundamen¬
822 923 2053 996 tal Form of Government in British. Demonstrating,
822 983 2056 1043 the Original Contract entered into by the King and
816 1030 2063 1095 people, according to the Primary Institutions thereof, in
820 1081 2058 1166 this Nation, Lc. &c &c. By Roger Acherley, Esq.
831 1128 1756 1220 With a Supplement, &c. London, 1741.
605 1167 1462 1247 Alcwinus Flaccus, 105, F. See Gale.
610 1234 2058 1310 trouvée. (A)
820 1292 2058 1359 torical and Literary Committee of the American Philo¬
822 1347 2027 1426 sophical Society, held at Philadelphia, &c. Vol. I.-
825 1397 1258 1472 Philadelphia, 1819.
608 1450 1506 1522 Anonymus Elyensis, 105, F. See Gale.
876 1499 1580 1573 Malmesbur. 105, F. See Gale.
872 1562 1470 1625 Rames. 105, F. See Gale.
614 1604 2060 1685 Anquetil, 66, O. A Summer of Universal history; exhibiting
814 1667 2062 1747 the Rise, Decline, and Revolutions of the different Na¬
820 1721 2060 1777 tions of the World, from the creation to the present
816 1770 2056 1839 Time. Translated from the French of M. Anquetil,
820 1824 2060 1884 Member of the National Institute of France, &c. 9 vols.
827 1877 1269 1951 Philadelphia, 1806.
608 1926 2054 2000 Anville, d' 5, F. A Completéul of Ancient Geography; by
822 1980 2060 2054 Mons. d'Anville. 13 Plates; with the Modern Names
820 2038 2049 2092 of places inserted under the ancient. London, 1806.
608 2092 2060 2161 Arcq, d’ 34, Q. Histoire Generale des Guerres, depuis le Déluge
820 2154 2063 2221 jusqu’ a l’Année 1748. Avec une Dissertation sur
825 2199 2063 2264 chaque Peuple, &c. Par M. le Chevalier d’Arcq. 2 tom.
827 2248 1171 2315 A Paris, 1756.
610 2261 827 2378 L'Art de
849 2288 2060 2375 Verifier les Dates, &c. 40, F. L'Art de verifier les
822 2357 2060 2425 Dates des Faits Historiques, des Chartes, des Chro¬
820 2411 2063 2476 niques, et autres Anciens Monumens, depuis la Nais¬
822 2462 2060 2523 sance de Notre-Seigneur, etc. etc. Par un Religieux
825 2514 2060 2605 Benedictin de la Congregation de St. Maur. Tome pre¬
820 2559 1327 2641 mier. A Paris, 1783.
612 2610 1242 2690 Asserius, 105, F. See Gale.
615 2673 2063 2757 Aurora, Editor of, 53—8, O. Charges against the lditor of the
825 2720 1178 2800 Aurora refuted.
615 2773 1359 2860 Bacon, Lord, 31, F. See Kennet.
