2479 3508
753 259 1648 379 HISTORY, BIOGRAPHY, AND GEGGRAP HY.
469 369 1914 471 Bancks, 220, O. A Compendious history of the House of Aus¬
688 455 1920 518 tria and the German Empire, Lc. &c. By John Bancks.
688 507 884 572 London.
473 518 1844 619 Barlow, 53—10, O. Barlow’s Letter to his fellow Citizens.
476 600 1927 677 Barbary, 217, O. A Compleat tistory of the Piratica States of
692 661 1933 723 Barbary, viz. Algiers, Tunis, Tripoli and Morocco, &c.
694 717 1165 788 &c. London, 1750.
683 766 1933 819 64, F. The tistory of that most victorious Monarch
475 732 657 846 Barnes,
685 819 1929 888 Edward III. King of England and France, and Lord of
692 873 1933 938 Ireland, &c.; together with that of his most renowned
685 926 1933 991 Son Edward, Prince of Wales and Aquitain, sirnamed
692 974 1927 1063 the Black Prince, &c. By 18shua Barnes, B. D., &c-
692 1027 1342 1112 Portrait. Cambridge, 1688.
473 1083 703 1157 Baronius.
724 1087 1199 1161 63, D. See Noldius.
734 1136 1938 1206 F. A General Tictionary, listorical and.Critical; in
478 1141 712 1228 Bayle, 46.
694 1199 1936 1257 which a new and accurate Translation of that of the ce-
692 1248 1931 1311 lebrated Mr. Bayle, with the Conrections and Observa¬
688 1295 1942 1367 tions printed in the lateEdition at Paris is included, and
692 1351 1949 1415 interspersed with several thousand Lives never before
694 1409 1938 1471 15 published, 2c. &c. With Reflections on such passages
694 1458 1942 1525 of Mr. Bayle. as seem to favour Scepticism and the
694 1512 1938 1583 Manichee System. By the Rev. John Peter Bernard;
694 1576 1936 1627 the Rev. Thomas Birch; John Lockman; and other
694 1617 1942 1684 hands; the Articles relating to oriental history, by
697 1675 1896 1735 George Sale, Gent. 10 vols. London, 1734—1741.
703 1724 1938 1790 124—1, F. Lettres de M. le Marêchal Duc de Belleisle,
482 1684 683 1806 Belleisle
699 1779 1938 1846 à M. le Marêchal de Contades, trouvées parmi les pa¬
703 1833 1933 1911 piers de M. Contades après la Bataille de Minden.—
706 1886 842 1953 1759.
494 1893 1947 2005 Benezet, 28, D. Some Account of Guinea, its Situation, &c.—
712 1991 1942 2056 With an Essay on thehetave Trade, &c. &e. By An¬
708 2038 1541 2119 thony Benezet. Philadelphia, 1761.
494 2083 1132 2172 Bernard, 46, F. See Bayle.
500 2150 1072 2228 Birch, 46, F. See Bayle.
496 2202 1943 2273 Blair, 10, F. The Chronology and history of the World, from
706 2259 1945 2320 the creation to the year of Christ, 1753, lllustratea in
708 2309 1947 2375 LVI. "Tables; of which IV. are.introductory and include
703 2371 1942 2436 the Centuries prior to the Ist Olympiad; and each of the
706 2420 1945 2492 remaining Lll. contain in oneuganded View, 50 Years,
708 2489 1951 2543 orusef a  Century. By the Rev. John Blair, II. D.
706 2521 1054 2590 London, 1754,
500 2559 1463 2635 Bléterie, l'Abbe de la, 21, D. See Tacitus.
496 2615 1945 2708 Bodinus, 279, O. Joan. Bodini Andegavensis de Republica libri
706 2688 1896 2746 sex, Latine ab Auctore redditi, &c. Ursellis, 1601.
496 2735 1128 2800 Bohun, 30, F. See Heylyn.
494 2778 1217 2878 Boivin, 14, F. See Nicephorus.
