2479 3508
800 216 1694 339 HISTORY, BIOGRAPHY, ANDrtEOGRatev.
1896 227 1988 323 71
515 321 1115 427 Ozell, 146, O. See Vertot.
512 380 1832 473 Paine, 51—10, O. Paine on Government. Paris, 1795.
697 458 1722 524 51—6, O. Speech of T. Paine, July 7, 1795.
1551 491 1968 596 By Paine. Phila-
688 517 1520 600 51—2, O. Letter to Washington.
730 568 1051 645 delphia, 1796.
693 607 1962 678 52—4, O. Speech in the French convention, by Paine.
697 667 1966 743 52—3, O. The Decline and Fall of the English Finance,
724 730 944 807 by Paine.
693 767 1792 847 53—5, O. Paine on Government. Paris, 1795.
502 811 1971 891 Parker, 101, O. Memoirs of the most Abnakable Military Trans¬
719 895 1968 968 actions from the year 1683, to 1718. Containing a par¬
719 937 1977 1001 ticular account of the several Battles, Sieges, &c. in
721 988 1977 1058 Ireland and Flanders, during the Reigns of King Wil-
724 1043 1971 1109 liam and Queen Anne. By Capt. Robert Parker, late
719 1108 1977 1163 of the Royal Regiment of Foot in Ireland, who was an
724 1155 1768 1216 Eye-witness to most of them. London, 1747.
502 1194 1977 1278 PatUerson, 53—7, O. Petition of Alexander Paterson to the Le-
730 1269 1746 1329 gislature of Pennsylvania. Lancaster, 1804.
510 1318 1968 1384 Penosylvania, Journals of the House of Representatives of, 23, F.
724 1368 1975 1428 and 112, O. See Journals of the House of Representatives
721 1419 1104 1495 of Pennsylvania.
682 1482 1975 1557 Journals of the Senate of, 113, O. See Journal of the
730 1526 1269 1603 Senate of Pennsylvania.
502 1581 1971 1645 Perisonius, 324, O. Jac. Perisonii Rerum per Europam maxime
724 1636 1975 1709 Gestarum ab ineunte Saeculo sextodecimo usque ad
721 1685 1960 1777 Caroli V. Mortem, &c. Commentarii Historici. Lug
719 1735 1240 1812 duni Batavorum, 1716.
502 1777 1962 1859 Petavius, 336, O. D. Petavii Aurelianensis e Soc. Jesu, Rationa¬
719 1848 1966 1911 rium Temporum, in quo aetatum omnium sacra profana¬
721 1905 1971 1964 que historia Chronologicis probationibus munita sum¬
719 1947 1544 2021 matim traditur. Franequeræ, 1694.
501 1999 730 2079 Pickering
757 2006 1962 2092 51—8, O. Pickering's Three Letters. Philad. 1799
768 2050 1344 2133 2, O. The same Work.
506 2109 1966 2182 Puffendorf, 221, O. An introduction to the history of the princi¬
730 2171 1966 2232 pal Kingdom and States of Europe. Begun by Baron
711 2221 1968 2285 Puffendorf. Enlarged, &c.; continued down to the year
721 2267 1293 2344 1743, by M. Martiniere.
1339 2272 1971 2349 Improved from the French
721 2329 1317 2399 by Joseph Sayer. 2 vols.
1361 2327 1702 2402 London, 1748.
512 2382 1280 2441 Rad. de Diceto, 105, F. See Gale.
512 2433 1258 2509 Ran. Higden. 105, F. See Gale.
510 2492 1282 2562 Ramsay, 37, O. See Washington.
512 2540 1157 2609 Ravaillac, 92, O. See Sully.
510 2586 1968 2679 Lawlinson, 219, O. A New Method of Studying history, &c.;
719 2653 1964 2710 with a Dissertation of Count Maffei on the use of In¬
711 2703 1962 2776 scriptions and Medals, &c. By Richard Rawlinson,
719 2754 1575 2826 LL. D. &c. 2 vols. London, 1727.
