2479 3508
1901 275 1977 364 75
802 253 1695 370 HISTORY, BIOGRAPHY, AND GEOGROPHY.
512 385 1965 470 Voltaire, 10, D. The Age of Lewis XIV. Translate from the
1360 448 1890 523 2 vols, Dublin, 1752.
722 450 1321 514 French of M. de Voltaire.
507 508 1965 572 War in the Netherlands, &c. 160, O. The Theatre of the present
731 567 1963 620 War in the Netherlands, and upon the Rhine, &c.
731 614 1968 683 With anintroduction to the Art of Fortification, or
713 667 1959 729 Heililary Tictionary, &c. kap, and 68 plans of For¬
709 731 1976 798 tified places. London, 1745. (Presented by Lewis
716 778 889 846 Evans.
507 816 1970 902 Washington, 37, O. The Life of George Washington, &c. By
1265 873 1657 951 New York, 1807.
714 871 1236 953 David Ramsey, M. D.
680 929 1968 1006 51—5, O. Letters from Washington to his friends in
709 981 1682 1063 June and July, 1776. Philadelphia, 1795.
685 1046 1935 1121 51—3, O. Rem ho on the Conduct of Washington.-
716 1095 1165 1168 Philadelphia, 1797.
507 1123 1316 1221 Whiteorth, 80, O. See D'Avenant.
769 1186 1974 1258 2, F. A General Atlas, consisting of the World and
503 1196 747 1265 Wilkinson
722 1250 1972 1318 Quarters, Kindoms, States, and wath all the
713 1298 1965 1374 New Discoveries and lerritorial Arrangements, &c. c.
713 1360 1925 1425 62 Maps. Published by Wilkinson. London, 1802.
503 1412 1145 1482 Wilson, 31, F. See Kennet.
503 1456 1252 1529 Wolfius, 14, F. See Nicephorus.
731 1507 1974 1587 13, F. Joannis Zonarae Mon "Magni antea vigilum
499 1516 707 1591 Zonaras,
713 1571 1974 1631 Praefecti et primi a Secretis Annales. Carolus du
713 1617 1972 1682 Fresne, Dom. du Tange, Wolfianum Editionem cum
722 1679 1972 1746 scriptis Codd. contulit: Latinam Versionem recensuit,
714 1733 1970 1793 Annales Notis illustravit. Graece et Latine. Tom. 2.
713 1779 1052 1853 Parisiis, 1686.
738 1804 1972 1892 299, O. Zosimi Comitis ex Advocati Fisci Historia
507 1830 714 1905 Zosimus
713 1886 1968 1957 nova, ex recensione, Frid. Sylburgii, cum Latina Inter¬
724 1948 1972 2014 pretatione Joan. Leunclavii, et Notis Variorum, accu¬
709 2008 1950 2083 rante Chr. Cellario. Græce et Latine. Jenæ, 1729.
