2479 3508
962 287 1410 391 MERCAL SCI à NCES
464 378 1923 480 Buesnay, 140—8, O. The Introductory Discourse to the first
670 469 1923 541 volume of the Memoirs of the Royal Academy of Surgery,
665 533 1914 586 at Paris, concerning the Vices of the Humours, &c. &e.
672 583 1918 663 By M. Quesnay, M. D. Translated and abridged, by
670 630 1302 701 a Surgeon. London, 1760.
455 670 1919 756 Riverius, 61, F. Lazari Riverii Consil. Reg. Med. Prof. in Uni¬
676 732 1930 805 versitate Monspeliensi, &c. Opera Medica Omnia. Curâ
672 793 1921 858 Joh. Dan. Horstii et Joh. Jac. Doebelii. Lugduni, 1679.
455 824 1923 909 Robertson, 140—9, O. Inaugural Dissertation on Chorea Sancti
685 897 1708 970 Viti. By F. Robertson. Philadelphia, 1805.
473 946 1222 1012 Samber, 277, O. See Boerhaave.
657 999 1894 1079 140—3, O. Dissertatio inauguralis de Asphyxia, &c.—
469 1004 634 1076 Stokes,
681 1057 1717 1116 Auct. G. Stokes, A, B. Philadelphia, 1793.
1719 1103 1923 1183 Auct. J.
657 1112 1697 1193 140—2, O. Dissertatio medica inauguralis.
469 1109 636 1180 Tillon.
690 1160 1496 1225 Tillon, M. B. Philadelphia, 1771.
477 1193 1932 1277 Van Swieten, 154, O. The Commentaries upon the Aphorisms of
681 1273 1930 1339 Dr. Herman Boerhaave, concerning the knowledge and
681 1317 1927 1377 Cure of the severat Discases incident to human Bodies.
688 1375 1929 1459 By Gerard Van Swieten, M. D. Translated into Eng¬
681 1432 1401 1505 lish. 11 vols. London, 1744.
652 1470 1863 1552 5, D. The same Work. 18 vols. Edinburgh, 1776.
468 1527 699 1625 Verheyen,
723 1527 1934 1603 107, Q. Supplementum Anatomicum, sive Anatomiae
688 1591 1938 1651 Corporis humani liber Secundus, &c.&c. etc. Author e
690 1640 1890 1711 Philippo Verheyen. Cum figuris. Bruxellis, 1710.
469 1691 1938 1770 Winslow, 64, Q. Exposition Anatomique de la structure du
690 1748 1939 1819 Corps humain, par Jacques-Benigne Winslow, de
690 1808 1932 1892 l'Academie Royale des &ciences, &c. Avec figures.
690 1857 1028 1945 A Paris, 1732.
