2479 3508
960 272 1469 381 MODERN LITER were.
682 370 1939 467 Avec Annotations en Marge, &c. et la Vie de l'Auteur
691 452 1795 521 extraicte de ses propres escrits. A Rome, 1627.
474 472 1935 594 spectator, 30, D. The Spectator. 8 vols. (Vols. V. and VI.
687 552 1305 638 wanting.) London, 1753.
474 601 1165 687 Towneley, 19, D. See Butler.
479 631 1941 755 Voiture, 48, D. Recueil des Œuvres de M. de Voiture. A Brus¬
682 718 977 787 selles, 1695.
470 734 1930 847 Williston, 49, O. Eloquence of the United States: compiled by
676 824 1914 893 E. B. Williston. 5 vols. Middletown, Conn. 1827.
