2479 3508
1315 277 1405 389 82
702 655 2023 770 MISCELLANEOUS WORks AND VOLYGRAPHIC
1214 737 1517 831 AUTHARS.
631 888 2105 965 Adam’s, 7, O. Report upon the Weights and Messures, by John
853 948 2094 1012 Quincy Adams, Secretary of State of the United States.
844 1007 2100 1067 Prepared in obedience to a Resolution of the Senate of
853 1060 1715 1124 March 3d. 1817. Philadelphia, 1821.
636 1124 2096 1181 irdy. (2)
853 1166 2098 1223 rican Philosophical Society, held at Philadelphia for pro¬
853 1218 2067 1302 moting Useful knowledge. Vol. I. New series.—
853 1274 1296 1344 Philadelphia, 1818.
636 1324 2105 1395 Aringhi, 54, D. Roma Subterranea novissima, in qua antiqua
849 1377 2096 1434 Christianorum et praecipue Martyrum Caemeteria, Titu¬
849 1425 2105 1493 li, & c. &c. illustrantur. Ex absolutissimo opere Pauli
853 1482 1914 1546 Aringhi, &c. Cum figuris. Arnhemiae, 1671.
634 1539 1377 1614 Arts, Landmand to the, 147, O.
1405 1531 2109 1619 The Handmeid to the Arts. 2
855 1595 974 1658 vols.
1399 1588 2017 1669 [Presented by David Hall.
1014 1594 1357 1661 London, 1758.
636 1634 1359 1720 Ashley, 192, O. See Xenophon.
636 1698 2096 1759 Asiatic Researches, &c. 95, O. Asiatic Besearches: or, Transac¬
849 1749 2103 1823 tions of the Society intituted in Bengal for inquiring
853 1804 2100 1865 into the History and Antiquities of the Arts, Princes,
849 1858 2072 1936 and Literature, of Asia. Plates. 5 vols. London, 1798-
858 1913 996 1977 1799.
649 1957 2105 2030 Bacon, 60, O. The Works of Francis Bacon, Baron of Verulam,
860 2013 2096 2090 Viscount St. Alban, and Lord High Chancellor of Eng
855 2068 1935 2127 land. Portrait, &c. 10 vols. London, 1819.
825 2118 2111 2188 58, D. Fr. Baconis de Verulam, Angliae Cancellarii, de
860 2186 2109 2246 Augmentis scientiarum Libri IX. Amstelodami, 1662.
649 2230 2111 2298 Bailly, 236, O. Lettres sur l’Origine des &ciences, et sur celle
864 2287 2111 2351 des Peuples de l'Asie, adressées à M. de Voltaire par
864 2338 2109 2406 M. Bailly, et precedées de quelques Lettres de M. de
869 2389 1896 2450 Voltaire à l'Auteur. 2 tom. A Paris, 1777.
849 2432 2112 2510 168, O. The Mythology and Fables of the Accients ex¬
649 2437 827 2514 Banier,
869 2488 2105 2558 plained from history. By the Abbé Banier. Trans¬
860 2549 2114 2617 late from the original French. Vols. II, III, and IV.
864 2604 1205 2670 London, 1740.
655 2635 2111 2719 Barton, 24, Q. Florae Philadelphicæ Prodromus: or Produits
860 2712 2112 2774 of the Flora Philadelphica; exhibiting a List of all the
860 2758 2123 2820 Plants to be described in that Work, which have as yet
860 2807 2111 2901 been collected. By William P. C. Barton, M. D. &c.
860 2866 1309 2949 Philadelphia, 1815.
