2479 3508
606 265 1801 390 MISCELLANEOUS WORES AND VOLYGRAPHIC AUTHORS.
1867 284 1950 383 83
468 376 1935 481 Birch, 23, Q. The history of the Royal Society of London for
676 464 1926 528 improving of Natural knowledge, from its first Rise.
685 523 1935 586 In which the most considerable of those Papers commu¬
679 574 1939 637 nicated to the Society, which have hitherto not been
676 626 1946 692 published, are inserted in their proper order, as a Sup-
681 685 1935 749 plement to the Philosophical Transactions. By Thomas
676 738 1930 818 Birch, D. D. Secretary to the Royal Society. Platis. 4
689 783 1195 851 vols. London, 1756.
470 797 1333 913 Boerhaave, 17, F. See Swammerdam.
468 889 1263 956 Bonamicus, 328, O. See Rapinus.
470 935 1933 1015 Bougainville, 53, Q. Voyage autour du Monde, par la fregate du
679 1002 1926 1064 Roi la Boudeuse, et la flûte l'Etoile en 1766, 1767,
679 1053 1930 1125 1768 et 1769. Par M. de Bouganville. Avec des Cartes,
676 1101 1147 1177 &c. A Paris, 1771.
455 1154 1930 1241 Bourrit, 235, O. Description des Alpes Pennines et Rhetiennes;
689 1217 1810 1282 par M. T. Bourrit. Tom. II. A Geneve, 1781.
458 1263 1810 1328 Boyle, 56, F. The Works of the honourable Robert Boyle.
679 1311 1933 1377 which is prefixed, the Life of the Author. Portrait. 5
679 1370 1175 1445 vols. London, 1744.
458 1379 1933 1495 gradley, 157, O. AIictionary of Plants; their Description and
676 1480 1933 1550 Use, with their Culture and Management. By R. Brad-
676 1525 1663 1593 ley, F. R. S. &c. 2 vols. London, 1747.
455 1582 1935 1653 Buchananus, 68, Q. Georgii Buchanani, Scoti, Poëtarum sui Se¬
670 1642 1930 1707 culi facile Principis, Praeceptoris Jacobi VI. Scottorum
667 1694 1926 1755 et Primi Angl. Reg. Opera Omnia, Historica, Chronolo¬
672 1746 1931 1814 gica, Juridica, Politica, Satyrica and Poetica. Cum
667 1810 1926 1867 Notis, aliisque utilissimis Accessionibus illustrata et
665 1849 1926 1913 aucta, &c. & c. curante Thoma Ruddimanno, A. M.
672 1898 1924 1987 et Praefatione Petri Burmanni. Cum effigie. Tom. 2.
670 1952 1287 2018 Lugduni Batavorum, 1725.
460 1974 1926 2073 Buffon, 42, Q. Histoire naturelle des Oiseaux. Par M. le Comte
672 2071 1926 2138 de Buffon. Avec plusieurs figures. 8 tom. A Paris,
670 2110 965 2189 1770—1781.
641 2151 1933 2246 43, Q. Histoire Naturelle des Mineraux. Par M. le
670 2226 1698 2281 Comte de Buffon. Tom. I. A Paris, 1783.
637 2263 1920 2348 41. Q. Histoire Naturelle, Générale et Particuliere, avec
672 2331 1917 2399 la Description du Cabinet du Roy. Par MM. Buffon
667 2388 1920 2443 et Daubenton. Avec plusieurs figures. 15 tom. (le
665 2440 1924 2510 tome XII. manque.)—Supplement a l'Histoire Naturelle,
672 2493 1917 2548 Générale et Particuliere. Par M. le Comte de Buffon.
670 2546 1926 2602 Avec plusieurs figures. 6 tom. A Paris, 1749—1782.
460 2583 1329 2659 Burmannus, 68, Q. See Buchananus.
462 2648 657 2732 Caldwele
685 2635 1919 2740 140—6, O. Eulogium on Caspar Wlstar, M. D. &c. by
676 2699 1817 2771 Charles Caldwell, M. D. &c. Philadelphia, 1818.
460 2720 1924 2824 Callimaque, 238, 0. Hymnes de Callimaque avec une Verdion
670 2808 1924 2887 Françoise et des Notes. Par La Porte du Theil. Grec
667 2863 1337 2953 et François. A Paris, 1775.
