2479 3508
1863 271 1946 392 85
614 288 1825 394 MISCELLANEOUS wordS AND VOLYGRAPHIC AUTHORS.
482 387 1944 517 Erasmus, 84, F. Adagiorum Opus Des. Erasmi, Roterodami, ex
700 484 1801 574 postrema Autoris recognitione. Lugduni, 1550.
484 515 1263 629 Floyd, 17, F. See Swammerdam.
493 583 1111 664 Gesner, 83, F. See Topsel.
493 631 1944 722 Gibbon, 22, Q. Miscellaneous Works of Edward Gibbon, Esq.
702 693 1942 770 with Memoirs of his Life and Leitings, composed by
700 750 1946 809 himself; lllustratea from his Letters, with ocasional
693 800 1944 891 Motes and Narratives, by John Lord Sheffield. 2 vols.
702 853 1036 924 London, 1796.
491 866 1953 970 Golnitzius, 69, D. Abrah. Gölnitzii Dantisc. Ulysses Belgico-Gal-
706 959 1944 1021 licus, fidus tibi Dux et Achates, per Belgium Hispan.
700 1014 1951 1078 Regnum Galliæ, Ducat. Sabandiae, Turinum usque Pede-
700 1064 1790 1126 montii Metropolin. Lugduni Batavorum, 1631.
491 1109 1957 1185 great British, Tour through, &c. 16, D. A Tour through the
711 1168 1953 1258 whole Island of Great British, theIsles of Wight,
702 1234 1960 1298 Scilly, and other English and ScottishIsles of most
710 1280 1955 1351 Note. Interspersed with useful Observations, Lc. &c.
710 1339 1744 1406 4 vols. (Vol. III. wanting.) London, 1762.
488 1353 1957 1474 Grotius, 57, D. Hugonis Grotii quaedam hactenus inedita, aliaque
700 1443 1955 1504 ex Belgicè editis Latinê versa, Argumenti Theologici,
710 1496 1960 1564 Juridici, Politici. Amstelodami, apud Elzevirium, 1652.
488 1542 1962 1638 Grunerus, 302, O. Jo. Frider. Gruneri, A. M. introductio in An¬
710 1599 1964 1669 tiquitates Romanas, qua Populi Romani Res publicae et
715 1663 1960 1740 privatae tam sub Republica libera quam sub Imperatori¬
706 1707 1605 1773 bus studiose explicantur. Jenae, 1746.
502 1735 1968 1848 Gundlingius, 145—2, Q. N. H. Gundlingii Icti et Antecessoris
706 1823 1966 1889 in Acad. Fred. celeb. C. Trebatius Testa Ictus ab in¬
711 1867 1968 1940 juriis vet. atque recent. Scriptorum liberatus, cum Notis
710 1914 1634 1999 &c. &c. G. A. Jenichen. Lipsiae, 1736.
501 1964 1966 2043 Hales, 248, O. Statical Essays: containing Vegetable Staticks;
711 2032 1962 2101 or an Account of some Statical Experiments on the Sap
719 2081 1966 2147 in Venetables, Haemastatics, &c. &cLc. Lc. Stephen
715 2136 1918 2206 Hales, D. D. F. R. S. &c. 2 vols. London, 1738.
693 2191 1953 2272 136, O. A Description of Ventilators: whereby grea
711 2243 1968 2325 quantities of Fresh Ai:r may with case be conveyed into
719 2289 1973 2375 Mines, Gaols, Hospitals, Work-houses, and ships, in
721 2355 1971 2422 exchange for their Noxious Air, &c. &c- &c, Which
721 2399 1966 2483 was read before the Royal Society in May, 1741. By
726 2459 1966 2549 Stephen Hales, D. D. F. R. S. &c. Plates. London,
726 2510 853 2573 1743.
501 2532 1966 2659 Harris, 21, F. Navigantium atque Itinerantium Bibliotheca; or,
719 2617 1966 2690 a complete collection of Voyages and Travels. Con¬
724 2679 1971 2738 sisting of above six hundred of the most authentic Wri¬
724 2723 1971 2798 ters, Lc. &c. dc. With Charts, Maps, and Cuts, an
730 2780 1971 2844 introduction, &c. &e. Originally published by John
726 2828 1968 2897 Harris, D. D. & F. R. S. Now carefully revised,
734 2888 1969 2973 with large Additions, &c. &c 2 vols. London, 1748.
