2479 3508
628 287 715 384 88
757 294 1962 391 MISCELLANEOUS wordes avo LYGRAPHIC AUTHORS.
854 368 2102 480 disposed under general heads. By Lowthorp, Jones,
849 450 2091 533 Eames and Martyn. 13 vols. Plates. London, 1721—
853 514 1926 568 1756.—Philosophical Transactions (at large,)
1957 509 2097 586 ging
843 560 2102 638 some Account of the Present Undertaking, Studies, and
845 616 2102 680 Labours of the Ingenious in many considerable parts of
858 671 2102 744 the World, from 1751 to 1761. Plato. 10 vols. Lon¬
858 718 1628 808 don, 1753—1762. In all 23 vols.
628 750 2100 849 Pitiscus, 28, F. Lexicon Antiquitatum Romanarum, in quo
853 823 2097 902 Ritus et Antiquitates tum Graecis ac Romanis com¬
853 886 2097 954 munes, tum Romanis peculiares, sacrae et profanae, pub¬
849 941 2100 1007 licae et privatae civiles ac Militares exponuntur, &c. &e.
845 985 2093 1068 Auctore Samuele Pitisco: cum figuris in aes incisis.—
853 1042 1472 1121 Tom. 2. Leovardiæ, 1713.
630 1068 2100 1187 Pliny, 288. O. An address of thanks to a Good Prince, pre¬
845 1148 2102 1237 sented in the Panegyrick of Pliny upon Trajan, the
845 1204 1810 1270 Best of Roman Emperors. London, 1686.
619 1226 2093 1343 Pluche, 25, D. Spectacle de la Nature; or Nature delivered.
845 1306 2097 1369 Translated from the French of the Abbé Pluche. Plato
845 1360 2038 1452 7 vols. (Vols. I. and II. wanting.) London, 1744.
621 1400 1395 1476 Politianus, 328, O. See Rapinus.
625 1439 2084 1562 Pontoppidaan, 60, F. The Natural history of Norway: containing
836 1514 2102 1589 an Account of the Temperature of the Ai, the different
840 1569 2093 1652 Soils, Waters, Vogetables, Metals, Mineral. Beasts,
834 1621 2091 1705 Birds and Fishes, &c. &e. Interspersed with Physiolo¬
843 1678 2097 1762 gical Notes, &c. &e. Translated from the Danish
831 1727 2091 1814 of the Rt. Rev. Erich Pontoppidan, Bishop of Bergen,
831 1786 1999 1843 &c. &c. With a Map and Plates. London, 1755.
808 1832 2087 1928 274, O. Archaeologia Græca: or, the Antiquities of
614 1814 788 1928 Potter,
836 1896 2084 1972 Greece. By John Potter, M. A. &c. 2 vols. Oxford,
838 1944 967 2012 1697
619 1966 2084 2084 Raius, 53, F. Historia Plantarum, species hactenus editas alias¬
836 2052 2084 2113 que insuper multas noviter inventas et descriptas com¬
836 2108 2087 2174 plectens, &c. &c. etc. Auctore Joanne Raio, F. R. S.,
831 2168 1547 2223 &c. Tom. 2. Londini, 1686.
610 2176 2078 2282 Rapinus, 328, O. Renati Rapini Soc. Jesu, Hortorum libri IV.
834 2273 2084 2339 cum disputatione de Cultura Hortensi. Joan. Meursii
831 2317 2073 2385 Fil. Arboretum sacrum. Angeli Politiani Rusticus.
834 2370 2069 2457 Adhaec Lipsii Leges Hortenses, et Lazari Bonamici.
834 2426 1815 2492 carmen de Vita Rustica. Ultrajecti, 1672.
610 2462 2075 2554 Reaumur, 44, Q. Memoires pour servir a l'Histoire des Insectes.
825 2532 2069 2615 Par M. de Reaumur, de l'Académie Royale de &ciences.
834 2578 2069 2659 Avec plusieurs figures. 6 tom. A Paris, 1734—1742.
808 2631 1408 2708 17, F. See Swammerdam.
610 2670 2073 2767 Rousseau, 26, D. Emilius & Sophia: or, a New System of Edu¬
831 2742 2069 2832 cation. Translated from the French of J. J. Rousseau.
829 2795 1351 2876 4 vols. London, 1783.
608 2813 1532 2938 Ruddimannus, 68. Q. See Buchananus.
