2479 3508
625 250 1808 386 MISCELLANEOUS wordS AND VOLYGRAPHIC AUTHORS.
490 381 1941 465 Schottus, 39, D. Itinerarium Italiae, Rerumque Romanarum Libri
696 454 1939 529 tres: A Francisco Schotto editi, et ab Hieronymo Ca¬
709 508 1569 576 pugnano aucti, &c. Antverpiae, 1625.
490 550 1154 625 Schreiber, 45, Q. See Delius.
494 603 1296 669 Sheffield, Lord, 22, Q. See Gibbon.
724 640 1939 724 119, O. British Education: or, the source of the Dis-
488 663 702 744 Sheridan
694 720 1926 798 orders of Great British, &c. &e. &o. By Thomas She
694 762 1385 829 ridan, A. M. London, 1756.
481 776 1939 884 Smetius, 118, Q. Antiquitates Neomagenses. Sive Notitia Raris-
696 871 1943 935 simarum Rerum Antiquarum, quas in vetere Batavorum
694 926 1941 1002 Oppido studiose comparavit Johannes Smetius, Pater et
696 973 1943 1053 Filius, &c. &c Cum figuris. Noviomagi Batavorum,
698 1035 846 1099 1678.
479 1055 1941 1161 Soulavie, 237, O. Histoire Naturelle de la France Meridionale,
702 1148 1941 1214 par M. l'Abbé Giraud Soulavie. Avec Planches. 7 tom.
696 1190 1243 1263 A Nismes, 1780—1782.
485 1201 1945 1312 Swammerdam, 17, F. The Book of Nature; or, the history of
687 1298 1945 1367 Insects; reduced to distinct Classes, confirmed by parti¬
691 1356 1948 1418 cular Instances, Miseyed in the Anatemicalarelysis
687 1416 1939 1478 of many species, and lllustratea withorplates, &c.
694 1453 1941 1514 &c. &c. By John Swammerdam, M. D.; with the Life
687 1507 1939 1569 of the Author, by H. Boerhaave, M. D. Translated
691 1558 1946 1627 from the Dutch and Latin by Thomas Flloyd. Revised
691 1611 1939 1684 and improved by Notes from Reaumur and others, by
696 1658 1463 1740 John Hill, M. D. London, 1758.
694 1708 1935 1775 109, F. The Works of Sir William Temple, Baronet.
479 1677 667 1808 Temple,
703 1771 1941 1859 With an Account of the Life and Leitings of the Au-
696 1821 1392 1903 thor. 2 vols. London, 1720.
667 1843 1932 1954 271, O. Miscellanea. Essays, by Sir William Temple,
694 1923 1895 1988 Baronet. Parts II. and III. London, 1691—1701.
485 1983 1935 2048 Topsel, 83, F. The history of Four footed Beasts and Serpents,
694 2034 1945 2094 &c. &c. Collected out of the Leitings of Conradus
696 2090 1941 2152 Gesner and other Authors, by Edward Topsel. To
700 2136 1923 2203 which is added, the Theater of Insects, &c. by T
694 2189 1941 2264 Muffet, Dr. of Physick. With many cuts. Lond. 1658.
488 2247 1088 2322 Trapp, 36, D. See Virgil.
718 2280 1939 2371 239, O. Observations upon liberal Education, in all
490 2302 698 2387 Turnbul
694 2338 1935 2442 its Branches, Lc. &c. 2c. By George Turnbuil,LL. D.
696 2411 1028 2484 London, 1742.
485 2440 1154 2530 Vaillant, 225, O. See Vertot.
490 2482 1937 2595 Vertot, 225, O. Vertot’s Miscellanies; consisting of Dissertations,
700 2566 1941 2637 I. On the true Original of the French, &c. II. on the
696 2621 1899 2679 Salique Laws. III. On the Sainte Ampoulle, &c.
696 2677 1939 2739 IV. On the ancient forms of Oaths used among the
687 2723 1948 2790 French. V. On the ancient Burial places of the Kings
696 2783 1943 2849 of France, by the R. F. Mabillon. VI. On the time of
694 2832 1941 2909 the Natancity of Christ discovered from ancient Medals,
