2479 3508
1026 411 1475 539 PREFACE.
598 685 1992 803 THE Trustees of the University of Pennsylvania have long had
516 770 1983 852 inliemplation to cause a Catalogue of their Library to be made,
527 838 1974 895 with a view of increaseing it, and rendering it worthy of the first lite
516 887 1983 946 rary institution of this commonwealth; but they were discouraged
525 943 1983 1009 not only by the small number of volumes that it contains, but by the
516 1007 1987 1072 little attention that was paid to it for a considerable time, in conse¬
516 1051 1989 1127 quence of the successive changes which the University experienced
516 1103 1992 1169 in its organization, which occasioned the loss of many books, so
517 1158 1989 1224 that the sets of valuable works have been broken, which it will be
521 1208 1987 1285 necessary to replace entirely. The institution, however, having
516 1261 1992 1340 made important changes in their internal arrangement, and having
525 1318 1983 1377 determined to erect new building, in place of the former inconve¬
517 1372 1989 1431 nient edifice, which building, it is expected, will be finished at the
517 1429 1992 1493 close of the present year, it has been thought expedient to prepare
512 1482 1983 1554 and published the present Catalogue of the few books at present pos¬
517 1537 1989 1609 sessed by the University, among which, however, it will be found,
516 1589 1989 1646 that there are a number of valuable works, and the whole, taken to-
516 1637 1989 1723 gether, may be considered as a good nu meus for an academical
516 1699 672 1784 library
574 1712 1983 1823 This liberty was begun by private denations of the friends of the
517 1803 1989 1867 institution, among whom the Rev. William Smith, the first Provost
517 1860 1979 1915 of the College and Academy, and Dr. McDowell, one of his succes-
512 1909 1974 1987 sors, deserve to be particularly noticed. During the revolutionary
517 1957 1989 2022 war, our little collection was enriched by a donation in books from
517 2014 1989 2086 his majesty Louis the Sixteenth. These books, printed at the royal
517 2077 1983 2138 twinting office, consist chiefly of mathematical works, of works on
516 2119 1989 2191 natural history, among which is a collection of M. Buffon’s, and
508 2178 1983 2248 some of the wattine historians. They have been all carefully
517 2235 1981 2305 preserved, and will, it is hoped, long remain, a Memorial of the
517 2287 1981 2349 liberality of that great and unfortunate Monarch. For a few years
516 2348 1983 2414 past, the Board of Trustees havenernally kppropriated a sum of
516 2405 1981 2469 money for the purchase of books, by means of which this liberty is
508 2449 1981 2517 now suadually increaseing, and it is to be hoped, will continue to in¬
512 2506 1974 2574 crease. But the fund of the University being limited, it is greatly
508 2569 1979 2639 to be wished that the friends of public instruction may Oontibute
517 2607 1981 2683 their aid to the attainment of this important object. Donations of
508 2670 1974 2727 keoks, therefore, will be thankfully received, and the deserous don¬
508 2725 1891 2804 ors will entitle themselves to the gratitude of future deserations.
