2479 3508
930 713 1556 836 CATALOGUE.
508 1131 1989 1248 THEOLOGY, AND ECCLESIASTICAL HISTORY AND
1059 1219 1425 1315 BIOGRAPHY.
508 1396 1298 1475 Abravanel, 116, Q. See Maiiemon.
512 1462 1974 1554 Acontius, 56, D. Statagematum Satanae libri octo. Jacobo Acon¬
727 1521 1539 1583 tio, Åuthore. Amstelædami, 1664.
506 1552 1972 1648 Allen, 115—1, F. Certa.nenenen Select Disc iniurses on the Doctrine of the
727 1631 1965 1711 Two Covenants, &c. and on faith and Justification. By
729 1683 1460 1738 William Allen. London, 1699.
506 1740 1974 1806 Alstedius, 115, Q. Theologia Scholastica didactica, exhibens locos
724 1792 1974 1858 communes Theologicos methodo scholastica, quatuor in
729 1847 1965 1922 partes tributa, studio Johannis-Henrici Alstedii. Hano¬
727 1893 965 1970 viae, 1618.
506 1926 1963 2027 Altenstaig, 50, Q. Lexicon Theologicum quo omnium fere termi¬
720 2012 1963 2068 norum et obscuriorum vocum etymologiae, ambiguitates,
722 2059 1968 2127 definitiones, usus, enucleatae ob oculos ponuntur, et di¬
722 2108 1965 2171 lucide explicantur. Post summum laborem Joannis Al¬
722 2165 1966 2222 tenstaig, S. T. D. &c. Studio et labore R. B. Joannis
724 2211 1508 2289 Tytz. Coloniae Agrippinae, 1619.
738 2265 1970 2342 131, F. Media: the Middle Things, in reference to the
508 2268 718 2342 Ambrose
718 2324 1965 2386 first and last things; or the means, Duties, Ordinance,
716 2377 1968 2440 both secret, private, and publick, for continuance and
714 2429 1965 2506 intrease of a Godly Life, (once begun) tell we come to
718 2484 1965 2559 Heaven, &c &c. &e. By Isaac Ambrose. London,
722 2535 871 2609 1674.
506 2581 1051 2662 Aquila, 36, Q. See Bos.
503 2633 1252 2699 Armiiuus, 113. Q. See Tuissus.
506 2690 1970 2773 Aschenbrenner, 143—6, Q. De Episcopo in Ecclesia, et Eccesia
718 2751 1959 2823 in Episcopo, &c. &c. Auct. D. P. Aschenbrenner.
724 2802 1119 2876 Bambergæ, 1768.
506 2841 1959 2948 Barclay, 9, Q. An Apology for the true Christian Divinity; be¬
