2479 3508
838 323 1854 409 THEOLOGY AND ECCLESIASTICAL HISTORY, &c.
608 402 2060 507 Fox, 114, F. A Journal or historical Account of the Life, Tra¬
821 489 2066 557 vels, Sufferings, Christian Experiences and labour of
819 538 2059 606 Love, in the Work of the Ministers, of that ancient, emi¬
821 591 2060 670 nent and faithful servant of Jesus Christ, George Fox.
819 646 1159 721 London, 1765.
610 659 1431 768 Franckius, 101, Q. See Niecampius.
602 750 2064 819 Franzius, 315, O. Historia Animalium Sacra, in qua plerorumque
814 812 2064 881 Aminalium praecipue Proprietates, &c. &c ad usum ico¬
819 871 2070 945 nologicum accommodantur. A Wolfgango Franzio, S.
821 912 964 993 T. D.
1006 905 1460 987 Wittenbergæ, 1621.
602 925 2064 1024 Frey, 121—8, Q. Theses ex Theologia exegetica, dogmatica, mo¬
808 1017 2060 1090 rali, nec non ex historia ecclesiastica, etc. &c. auct. F.
814 1069 1473 1142 A. Frey. Bambergae, 1788.
604 1135 1350 1197 Gallæus, 173, O. See Lactantius.
604 1132 2071 1254 Geist, 110—11, Q. Dissertatio philologico-critico-exegetica de car¬
810 1221 2059 1314 nis la asurrectione, ex Job. Cap. XIX. 25—27. Auct.
808 1279 1555 1361 P. C. Geist. Bambergæ, 1790.
608 1330 1392 1400 Gerhardus, 73, F. See Chemnitus.
604 1350 2066 1465 Geuss, 110—5, Q. De Religione Christiana: auct. G. Geuss. Bam¬
816 1436 1117 1515 bergae, 1782.
602 1458 2060 1575 Giroust, 357, O. Les faux Pretextes du Pecheur, ou le Pecheur
810 1553 2068 1621 sans excuse. Avent prêché par le R. P. Giroust de la
808 1608 1975 1663 compagnie de Jesus. Tom. II. A Bruselle, 1707.
597 1610 792 1732 Grindal,
814 1632 2071 1716 120, F. The History of the Life and Acts of the most
805 1705 2059 1772 Rev. Father in God, Edmund Griudal, the first Bishop
810 1756 2059 1823 of London, and the second Archbishop of York and Can¬
810 1809 2055 1865 terbury, successively, in the Reign of Queen Elizabeth.
805 1860 2064 1929 Decribing the state of Religion and of the Church in
810 1911 2053 1998 his time, &c. &c. Vith an Appendix of Original
808 1971 1683 2048 MSS. &c. Portrait. London, 1710.
602 1980 1482 2095 Grischovius, 101, Q. See Niecampius.
604 2031 2059 2143 Grotius, 11, D. Hugo Grotius de Veritate Religionis Christianae:
808 2113 2060 2203 cum Notulis Joannis Clerici. Accedunt ejusdem, de
808 2179 2066 2245 eligenda inter Christianos dissentientes Sententia, et
810 2232 2055 2303 contra Ind differentiam Religionum, libri duo. Glasguae,
814 2287 951 2356 1745.
759 2301 2049 2405 - 37, F. Hugonis Grotii Opera omnia Theologica. Lon¬
801 2389 2059 2466 dini. 1679. Item, Ejusdem Epistolae quotquot reperiri
814 2444 1867 2513 potuerunt. 4 tom. in 5. Amstelodami, 1687.
772 2471 2059 2559 89, Q. Hugonis Grotii Annotationes in Vetus et No¬
816 2562 2057 2619 vum Testamentum juxta Editionem Amstelædamensem,
801 2615 2057 2685 MDCLXXIX, in compendium redactae, quibus nova
801 2670 2055 2745 accedit Præfatio, a Samuele Moody, A. M. &c. 2 tom¬
810 2706 1314 2778 in 1. Londini, 1727.
604 2750 1347 2825 Guisius, 98, Q. See Maimonides.
593 2794 2053 2907 Hammond, 294, O. A l'actical Catechism. By H. Hammond,
