2479 3508
761 276 1790 412 THEOLOGY AND ECCLESIASTICAL HISTORY, &c.
748 380 2001 485 of the University of Edinburgh. With Exhortations to
752 472 2005 557 the Canditates, &c. Rules and Iustructions for a holy
748 531 1446 592 Life, &c.&c. London, 1763.
538 570 1992 647 Ledermann, 121—1, Q. De adaequato sacrae Scripturae Criterio,
752 632 1990 695 &c. &c. Auctt- P. P. A. Ledermann et J. Müller.
748 682 1156 759 Bambergæ, 1783.
537 737 2001 808 Leighton, 102, O. Select Works of Archbishop Leighton. With
744 794 2001 869 an Account of his Life and Character. London,
757 853 884 911 1758.
529 878 2007 968 ℈ightfoot, 38, F. The Works of the Rverend and Learned John
742 952 1999 1011 metfoot, D. D. late Master of Katherine Hall in Cam-
972 1007 1990 1088 With his Life. Portrait and Maps. 2 vols.
742 1011 921 1079 bridge.
748 1058 1082 1119 London, 1684.
533 1119 2001 1178 Limborch, 113, F. Philippi a Limborch SS. Theol. inter Remon¬
744 1178 1996 1240 strantes Prof. Theologia Christiana ad praxin pietatis
739 1220 1996 1281 ac promotionem pacis Christianae unice directa. Item,
739 1270 1986 1334 Relatio Historica de Origine et Progressu Contoversi
735 1325 1996 1389 arum in Foederato Belgio de Praedestinatione. Amstelæ¬
744 1378 1020 1442 dami, 1715.
533 1415 1992 1492 Limmer, 97—1, Q. Trauerrede auf den Hochw. Fürsten und Herrn
742 1487 1990 1555 Franz Ludwig, Bischof zu Bamberg, &c.&c. März 7,
742 1544 1319 1597 1795, von G. I. Limmer.
533 1567 1996 1667 Loscanus, 123—4, Q. scientiae philosophico-theologicae experimen¬
744 1646 1992 1720 tum tertium, &c. &c Auct. J. F. Loscano. Helm¬
739 1696 1033 1760 stadii, 1716.
529 1740 1272 1819 Lyserus, 73, F. See Chemnitius.
529 1803 1988 1874 Mariemon, 116, Q. Constitutiones de fundamentis legis Rabbi Mo¬
735 1860 1992 1924 sis F. Maiiemon. Latinè redditae per Guil. Vorstium C.
739 1911 1983 1977 F. Additis quibusdam Notulis, et Abravanelis scripto,
735 1968 1986 2023 de Fidei Capite. Hebr. et Lat. Amstelodami, 1638.
527 2016 1986 2076 Maimonides, 98, Q. Misnae Pars: ordinis primi Zeraim tituli sep¬
739 2071 1977 2130 tem. Latinè vertit et Commentario illustravit Guliel¬
742 2128 1990 2188 mus Guisius. Accedit Mosis Maimonidis Praefatio in
735 2174 1911 2240 Misnam, Edv. Pocockio Interprete. Oxoniae, 1690.
529 2229 1990 2299 Masonus, 129, F. Vindiciae Ecclesiae Anglicanae; sive de legitimo
739 2284 1983 2350 ejusdem Ministerio, id est, de Episcoporum Successione,
739 2337 1983 2394 Electione, Consecratione, et Confirmatione; item, de
735 2392 1977 2451 Presbyterorum, et Diaconorum Ordinatione, Libri V.
735 2442 1983 2503 In quibus Ecclesia Anglicana à Bellarmini, Sanderi, &c.
733 2499 1962 2560 &c. &c. calumniis, &c, &e. vindicatur. Author e Franc.
733 2550 1628 2624 Masono, S. T. B. &c. Londini, 1638.
526 2576 1257 2659 Melanchthon, 75, F. See Biblia.
527 2650 1472 2721 Millius, 39, F. See Novum Testamentum.
522 2707 706 2789 Molitor.
735 2699 1983 2784 142—1, Q. De Sacramentis in genere, &e. &c. Auct.
739 2758 1496 2843 D. J. Molitor. Bambergæ, 1759.
514 2791 1156 2905 Moody, 89, Q. See Grotius.
