2479 3508
551 282 635 386 10
780 278 1797 384 THEOLOGY AND ECCLESIASTICAL HISTORY, &c.
551 376 2010 495 Nadler, 110—8, Q. De Deo Uno et Trino, &c.&c. Auct. P. Ph.
766 466 1384 544 Nadler. Bambergæ, 1758.
746 498 2008 582 121—7, Q. De Deo Uno et Trino, &c. &c (Auct. P. P).
771 573 1388 649 Nadler. Bambergæ, 1758.
551 631 2010 700 Niecampius, 101, Q. B. Jo Lucae Niecampii Historia Missionis
766 682 2010 742 Evangelicae in India Orientali e copiosis illius actis con¬
764 733 2004 791 tracta: in Latinum Linguam translata et aucta a Jo. H.
766 782 2010 871 Grischovio. Cum Praefatione D. G. A. Franckii. Ha¬
769 842 989 908 lae, 1747.
557 860 2013 957 Nieuwentyt, 159, O. The religious Philosother: or, the right use
766 946 2010 1008 of Contemplating the Works of the Creator, Lc. &c.
766 998 2010 1057 Sesigned for the Conviction of Atheists and Infidels, &c.
769 1053 2013 1111 &c. By Dr. Nieuwentyt. Translated from the Low
764 1097 2017 1168 Bulch, by John Chamberlayne, Esq. F. R. S. With a
764 1160 2017 1224 Letter, by J. T. Desaguliers, F. R. S. &c. plates. 3
760 1204 1268 1279 vols. London, 1730.
557 1275 2010 1328 Novum Testamentum, 3, 0. Novum Testamentum Graece, ex re¬
769 1317 2013 1384 censione Jo. Jac. Griesbachii, cum selecta Lectionum
771 1368 2010 1442 Varietate. Tom. 2 in 1. Cantabrigiæ, Nov-Anglorum,
775 1422 1577 1480 1809. [Presented by W. Hillard.
728 1470 2017 1537 39, F. Novum Testamentum Græce. Cum Lectionibus
766 1526 2013 1591 variantibus MSS. Exemplarium, Versionum, Editionum,
760 1584 2008 1651 SS. Patrum et Scriptorum Ecclesiasticorum; et in eas¬
766 1631 2013 1701 dem Notas. Accedunt Loca Scripturae Parallela, &c.
766 1686 2010 1742 &c. Præmittitur Dissertatio, &c. studio et Labore
766 1733 1648 1822 Joannis Millii, S. T. P. Oxonii, 1707.
560 1781 1215 1862 Osiander, 81, F. See Biblia.
564 1844 764 1924 Ott, 142
788 1842 2019 1902 —3, Q. Ad Doctrinam de Sacramenta Matrimoni Diatri¬
769 1899 1897 1961 ba, &c. &c Auct. D. H. Ott. Bambergae, 1766.
551 1937 2012 2022 Pabstmann, 142—2, Q. Ad Doctrinam de Sacramento ordinis
775 2004 2004 2073 Diatriba, &c. &c Auct. D. M. Pabstmann. Bamber¬
778 2059 998 2133 gae, 1765.
560 2110 2008 2177 Parecbolæ, 347, O. Parecholae sive, Excerpta è Corpore Statuto¬
771 2162 2006 2232 rum Universitatis Oxoniensis. Accedunt Articuli Re¬
775 2221 2010 2281 ligionis XXXIX. in Ecclesia Anglicana recepti: nec non
769 2272 1962 2335 Juramenta Fidelitatis et Suprematus. Oxonii, 1756.
555 2317 2008 2408 Pearson, 107, F. An Exposition of the Creed. By John Pearson,
771 2375 1395 2446 D. D. &c. London, 1669.
566 2426 1333 2503 Pearsonius, 35, F. See Cotelerius.
560 2463 2004 2568 Pegorier, 137, Q. Systeme de la Religion Protestante. Par M.
778 2532 1133 2610 Còsar Pégorier.
1268 2537 1442 2601 , 1717.
566 2564 2010 2664 Pennington, 82, Q. The Works of the long-mournful and waly¬
771 2644 2008 2710 distressed Isaac Penington, whom the Lord, in his ten¬
771 2688 2015 2774 der mercy, at length visited and believed by the minis¬
778 2748 2010 2834 try of thatumdespised People called Quakers, &c. c. &c.,
775 2799 2019 2895 2 vols. London, 1761. [Presented by the Quakers in
769 2850 980 2945 London.
