2479 3508
778 285 1814 396 THEOLOGY AND ECCLESIASTICAL HISTORY, &c.
1939 292 2021 383 11
544 383 1320 488 Perkinsius, 113, Q. See Twissus.
547 451 2017 536 Picart, 9, F. The Ceremonies and Rel deigious Cussoms of the va¬
764 519 2019 584 rious Nations of the known World: together with His-
760 575 2019 640 torical Annotations, and several curious Discleuses
765 632 2013 690 equally instructive and entering. Written original-
760 675 2015 738 ly in French, and lllustratea with a large number of fo¬
754 730 2013 802 lio Copper Srates, all beautifully designed by Mr. Ber¬
756 795 2011 852 nard Picart, andes curiously engraved by most of the best
754 841 2010 900 hands in Europe. Baithfully translated into English,
756 902 1947 976 by a Gentleman late of St. John's College in20xford.
760 952 1257 1024 vols. London, 1733.
540 993 1353 1076 Pocockius, 98, Q. See Maimonides.
542 1057 1326 1124 Tolycarpus, 35, F. See Cotelerius.
538 1098 2010 1187 Psalterium, 128, F. Quincuplex Psalterium; Gallicum, Romanum,
756 1163 1867 1228 Hebraicum, Vetus, Conciliatum. Parisiis, 1509.
536 1200 2019 1265 Relandus, 633, O. Antiquitates Sacrae Veterum Hebraeorum bre¬
754 1266 2013 1355 viter delineatae ab Hadriano Relando. Trajecti Bata¬
758 1324 1057 1394 vorum, 1717.
532 1375 2011 1461 Revelation, §c. 245, O. revelation examined with Candour, &c.
765 1433 1329 1505 Vol. II. London, 1735.
754 1462 2004 1555 121—3, Q. Theses dogmaticae, &c.&c. Auct. P. J.
538 1440 732 1566 Roppelt,
756 1533 1414 1610 Roppelt. Bambergæ, 1773.
538 1581 732 1675 Rosæus,
756 1583 2011 1653 359, O. Virgilii Evangelisantis ChristiElos Libri XIII.
749 1638 2010 1708 In quibus omnia quae de Domino nostro J. Christo in
749 1693 2017 1754 utroque testamento, vel dicta vel praedicta sunt, altisona
749 1749 2013 1815 divini Maronis tuba suavissime decantantur. Inflante
756 1803 1891 1867 Alexandre Rosaeo, Aberdonense. Londini, 1638.
542 1852 2010 1930 Sacerdotium, 146—1, Q. Regale Sacerdotium detineatum, &c. &c
754 1908 1316 1976 &c. Wirceburgi, 1737.
538 1915 762 2021 Sanderus.
784 1949 1285 2024 129, F. See Masonus.
538 2015 1359 2072 Savilius, 74, F. See Chrysostomus.
538 2060 2002 2133 Schleicher, 110—9, Q. Historiae Ecclesiasticae Seculum Primum,
760 2119 1950 2176 &c. &c. Auct. G. J. Schleicher. Bambergæ, 1776.
542 2130 2002 2235 Schmittlein, 144—5, Q. De Sacramento Poeniteniæ, &c. &e.&c.
754 2231 1780 2300 Auct. D. N. Schmittlein. Bambergae, 1760.
536 2283 1998 2355 Schnapp, 121—6, Q. Ultimum Christi Pascha, &c. Auct. J. K.
764 2329 1411 2390 Schnapp. Bambergæ, 1769.
545 2368 1995 2437 Scholar’s daual, 232, O. The Scholar'sie anual: being a collec¬
749 2427 2004 2509 tion of Meditations, Reflections and Reasonings, design¬
749 2490 2004 2553 ed foràstablishintg and promotinq Christian P¬
751 2544 2006 2609 and Pracitee, in ir mirigious and sceptical times. With
745 2597 1995 2662 suitable Devutions. By a Gentleman of Oxford. Lon¬
749 2649 1002 2727 don, 1733.
536 2712 1998 2784 Schott, 91—3, Q. Concilia Synodi et Comitia Sacra Bambergen-
749 2756 1867 2829 sia, & c. &c. Auct. J. Schott. Bambergae, 1770.
727 2803 1993 2882 121—5, Q. Cohærentia doctrinae theologicae de fide, &c.
745 2867 1679 2951 &c. Auct. J. Schott. Bambergæ, 1769.
