2479 3508
562 307 647 400 12
778 287 1801 407 THEOLOGY AND ECCLESIASTICAL HISTORY, &c.
569 395 2017 489 Schott, 146—4, Q. Cohærentia Doctrinae Theologicæ de Fide et
766 477 2013 558 Statu Fidei, &c. & c. Ac. Auct. D. J. Schott. Bam¬
771 524 1069 602 bergae, 1769.
560 569 2019 646 Schwelingius, 60, D. Mens immortalis evidenter certò contra
775 647 2019 717 Atheos Scepticosque, demonstrata a Johanne Eberhardo
771 689 1428 762 Schwelingio. Bremæ, 1683.
567 733 764 808 Seelman,
782 733 2019 806 122—4, Q. Infallibilis summi Pontificis supra Conci¬
771 795 2017 866 lium Oecumenicum in decidendis Fidei Controversiis
775 853 2022 906 Authoritas, &c. &c Auct. D. A. Seelman. Bamber¬
778 902 1000 975 gae, 1754.
560 942 2017 1020 Semmelmann, 122—1, Q. Theses de Magno Pietatis Sacramento,
771 1026 2015 1068 quod manifestatum est in carne, I. Tim. III. 16, &c.
769 1062 1941 1133 &c. Auct. D. J. Semmelmann. Bambergæ, 1766.
560 1109 2013 1175 Sermons, 33, D. Sermons sur tous les Sujets de la Morale Chre¬
766 1169 1975 1226 tienne. Par le R. P. * *, de la Compagnie de Jesus.—
769 1215 1393 1277 Tom. IV. A Paris, 1702.
560 1264 2019 1330 Sewel, 101, F. The history of the Rise, Intrease and progress
769 1333 2017 1388 of the Christian People called Quakers: intermized with
771 1375 2015 1437 severalû remarkable occurrences. Written originally in
766 1431 2013 1480 Law Dutch, and also translated into English, by Wil¬
766 1477 1437 1555 liam Sewel. London, 1725.
560 1531 2013 1613 Sherlock, 243, O. A Proctical Discourse concerning future Judg¬
760 1591 2010 1666 ment. By William Sherlock, D. D. &c. London,
768 1641 862 1701 172
729 1681 2019 1757 sai, O. The Use and lntent of Prophecy, in the several
760 1748 2017 1808 ages of the World, &c. Also, four Dissertations, I. The
760 1799 2017 1861 Authority of the 2d Epistle of St. Peter. II. The sense
764 1850 2017 1919 of the Antients, &c. on the Fall. III. The Blessing of
760 1899 2010 1972 Judah, Gen. xlix. IV. Christ’s Entry into Jerusalem.
769 1961 1899 2021 By Thomas Sherlock, D. D. &c. London, 1735.
737 2004 2008 2079 262, O. A Discourse concerning the Divine Providence.
769 2062 1801 2121 By William Sherlock, D. D. London, 1702.
560 2108 2013 2175 Spanhemius, 339, O. Pro Friderico Spanhemio adversus Fictiones
764 2170 2008 2230 Nuperi Criminatoris de varia et libera Ecclesiarum Po¬
766 2226 2010 2281 litia, deque Anglicano Episcopatu, Animadversionum
764 2268 1766 2328 Pars Specialis. Lugduni Batavorum, 1684.
557 2323 2001 2404 Stelzig, 110—7, Q. De Deo Uno et Trino, &c. &c¬&c. Auct.
764 2383 1628 2452 D. Carolo Stelzig. Bambergæ, 1769.
551 2443 2004 2519 Stenglein, 110—6, Q. Character Jansenisticæ Factionis, &c. &c
760 2477 1717 2564 Auct. P. J. Stenglein. Bambergae, 1770.
560 2543 1249 2599 Stephanus, 78, Q. See Biblia.
557 2586 1219 2655 Suicerus, 86, F. See Flacius.
560 2630 2008 2710 Swedenborg, 48, O. True Christian Religion; containing the Uni¬
771 2695 2006 2757 versal Theology of the New Church, &c. &c &c., By
769 2748 2008 2821 E Geauek Swedenborg. Translated from the Original
766 2803 1600 2883 Latin. 2 vols. Philadelphia, 1789.
560 2854 1204 2945 Sykes, 202, O See Whiston.
