2479 3508
1218 299 1298 383 15
897 570 1614 647 ANCIENT LITERATURE.
521 728 1245 822 Acidalius, 116, O. See Facitus.
524 776 1986 856 Aelianus, 322, O. Cl. AEliani Sophistae variae Historiae, cum No¬
735 856 1980 932 tis Joannis Schefferi. Graece et Latine. Argentorati,
739 906 871 981 1647.
515 943 1911 1018 Aelius Lampridius, 252, O. See Historiæ Augustæ Scriptores.
524 1016 1333 1078 Eschines, 24, F. See Demosthenes.
524 1053 1993 1157 Aesopus, 360, O. Selectiores Æsopi Phrygis Fabulae, et Luciani
730 1122 1993 1181 Samosatensis Dialogi. Isocratis Orationes duae, ad De¬
734 1194 1993 1245 monicum et Nicoclem. Cebetis Thebani Tabula: nec
726 1221 1993 1313 non Galeni Pergameni Suasoria ad artes Oratio. Graece
734 1278 1405 1355 et Latine. Edinburgi, 1767.
515 1317 1590 1401 Agathias Myrrinæus, 346, O. See Justinianus.
513 1386 754 1456 Agesilaus
776 1386 1293 1463 338, O. See Xenophon.
515 1425 1408 1515 Alcibiades Secundus, 22, D. See Plato.
521 1504 1482 1572 Alexis, 320, O. See Poetæ Minores Græci.
517 1542 1300 1628 Amasæus, 112, F. See Pausanias.
517 1601 1203 1680 Ampelius, 44, D. See Florus.
706 1656 1172 1726 251. O. See Florus.
515 1694 1526 1773 Amphis, 320, O. See Poetæ Minores Græci.
517 1746 1993 1826 Anacreon, 38, D. Anacreen Teius, Poeta Lyricus, summa cura,
734 1817 1990 1883 ad fidem etiam Vet. me. Vatican. emendatus. Aliquot
735 1874 1980 1942 justis Poematiis, et Fragmentis plurimis, auctus. Item,
730 1925 1986 1986 Anacreontis Sea, &c. &e. Opéra et Studio Josuae
735 1980 1990 2070 Barnes, S. T. B. Græce et Latine. Cum Effigiis. Can¬
734 2026 1084 2101 tabrigiæ, 1705.
515 2059 1669 2162 Anaxandridas, 320, O See Poetæ Minores Græci.
521 2131 1234 2208 Anebo, 106, F. See Jamblichus.
521 2169 1733 2265 Anna, Tan. Fabri Filia, 156, O. See Jurelius Victor.
521 2245 1594 2311 Antiphanes, 320, O. See Poetæ Minores Græci.
517 2278 1984 2375 Antoninus, 94, Q. Marci Antonini Imperatoris de rebus suis; sive
735 2347 1986 2415 de eis quae ad se pertinere censebat, Libri XII. Locis
730 2391 1980 2477 haud paucis repurgati, suppleti, restituti: Versione La¬
734 2459 1988 2521 tina nova; Lectionibus variis, Locis parallelis; ac Com¬
734 2514 1984 2589 mentario perpetuo explicati et illustrati. studio Operâ¬
730 2556 1977 2637 que Thomae Gatakeri. Accessere Annotationes selec¬
735 2615 1975 2675 tiores A. D’Acerii, necnon Marci Antonini Vita, &c.
739 2664 1726 2765 &c. a Geo. Stanhope. Græce et Latine.
1779 2672 1975 2763 Londini,
735 2721 864 2809 1697.
515 2758 1605 2837 Apollodorus, 320, O. See Poetae Minores Græci.
524 2798 1977 2901 Apuleius, 318, O. L. Apuleii Madaurensis Opera omnia quae ex¬
735 2884 1980 2954 stant, emendata et aucta; cura Petri Colvii Brugensis;
