2479 3508
1014 270 1520 397 ANCIENT LITERATURE
735 373 2001 474 in Latinam versi, et ab eodem doctissimis commentariis.
739 465 1999 529 illustrati, omnibus cum Graeco exemplari collatis et di¬
752 526 1544 592 ligenter castigatis. Basileae, 1559.
524 582 1996 645 Plutarchus, 117. F. Plutarchi Chaeronei, Philosophi, Historicique,
744 623 1996 691 Clarissimi, Opuscula (quae quidem extant) omnia, unde¬
742 674 1992 759 quaque collecta, et diligentissimé jampridem recognita.
753 733 1314 799 Latine. Basileae, 1530.
766 779 1992 853 57, F. Plutarchi Chaeronensis Moralia, Gulielmo Xy¬
742 831 1996 897 landro interprete. Graece et Latine. Francofurti, 1620.
524 876 2001 952 Poetæ Minores Græci, 320, O. Poetae Minores Graeci, Hesiodus,
744 943 2005 998 Theocritus, Moschus, Bion, Smyrn. Simmias, Rhod.
735 1003 2001 1068 Musæus, Theognis, Phocylides, Pythagoras, Solon, Tyr¬
742 1058 2001 1125 taeus, Simonides, Rhianus, Naumachius, Panyasis, Or¬
744 1108 2003 1178 pheus, Minnermus, Linus, Callim lachus, Evenus. Par.
742 1152 1966 1220 Eratosthenes, Menecrates, Posidippus, Methodorus.-
739 1204 1992 1283 Pragmenta quaedam Philemonis, Alexidis, Amphidis,
735 1272 1999 1334 Anaxandridae, Antiphanis. Apollodori, Diphili, Menandri,
735 1329 1990 1384 Diodori, Sinop. Eubuli, Hipparchi, Nicostrati, Pherecra¬
735 1380 2001 1439 tis, Philippi, Sotadae, Cratetis, Eriphi, Posidippi, Timo¬
735 1431 2007 1485 clis, Clearchi, et aliorum incertorum Autorum. Accedunt
744 1468 2001 1540 Observationes Radulphi Wintertoni in Hesiodum.
748 1542 1628 1600 Græce et Latine. Cantabrigiae, 1677.
766 1571 1999 1650 304, O. Poeta Minores Graeci, selecti et emendati:
742 1641 1996 1713 scilicet, Hesiodus, Theocritus, Moschus, Bion, Smyrn.
733 1690 1996 1746 Musæus, Theognis, Phocylides, Pythagoras. Cum ex¬
744 1735 2005 1821 plicatione grammatica vocum difficiliorum, et tabulis aere
744 1799 1744 1863 incisis. Græce et Latine. Londini, 1739.
533 1825 1996 1915 Poetæ Latini Minores, 535, O. Poetae Latini Minores, Faliscus,
742 1905 1996 1977 M. Aur. Ol. Nemesianus, T. Cal. Siculus, Cl. Ruti¬
739 1957 1990 2021 lius, Q. Ser. Samonicus, Marcellus Q. Rh. Fannius,
744 2012 1992 2073 Sulpicia, ex editione Petri Burmanni fideliter expressi.
744 2062 1389 2139 Glasguae, apud Foulis, 1752.
520 2109 1990 2188 Pomponius Mela, 337, O. Pomponii Melae libri tres de Situ Orbis,
735 2166 1992 2234 nummis antiquis et notis illustrati a Jacobo Gronovio.
733 2234 1992 2301 Julii Honorii Oratoris Excerpta Cosmographiae ab eodem
735 2271 1992 2343 nunc primum ex Ms. edita. Cosmographia, falso Aethi¬
735 2332 1992 2402 cum auctorem praeferens, cum variis Lectionibus e Ms.
742 2389 1992 2468 Ravennas Geographus, ex Ms. Lugdunensi suppletus.
742 2440 1356 2514 Lugduni Batavorum, 1696.
720 2479 1992 2556 158, O. Pomponii Melae de Situ Orbis, libri III. Cum
735 2541 1992 2609 Notis θntegris H. Barbari, P. G. Olivarii, F. N. Pin-
735 2602 1996 2663 tiani, P. Ciacconii, A. Schotti, J. Vossii, et J. Gronovii.
735 2653 1992 2720 Accedunt Julii Honorii Oratoris Exscripta Cosmogra¬
744 2712 1992 2776 issae, &c. &c- &e. Curante Ab. Gronovio. Tom. 2.
742 2754 1362 2828 Lugduni Batavorum, 1722.
520 2808 1992 2870 Porphyrius, 105. Q. Porphyrii Phoenicis Isagoge, id est, Intro¬
735 2876 1992 2958 ductio in nialecticen. Item, Aristotelis Stagiritæ
