2479 3508
1092 295 1600 395 ANCIENT LITERATURE.
605 290 682 381 30
826 377 2063 483 tant, cum Interpretatione et Notis Augustini Babelonii.
826 467 1179 532 Londoni, 1718.
620 514 2072 600 Suetonius, 218, O.C. Suetonii Tranquilli XII. Caesares. With an
826 576 1516 647 English translation. London.
616 623 1626 685 Sulpicia, 335, O. See Poetæ Latini Minores.
616 682 1330 744 Sulpitius, 127 F. See Lucanus.
614 745 1420 802 Sylburgus, 112, F. See Pausanias.
616 773 2067 873 Tacitus, 116, D. C. Cornelii Taciti Opera, quae exstant, inte¬
826 838 2063 919 gris J. Lipsii, Rhenani, Ursini, Mureti, Pichenae, Mer¬
826 906 2063 959 ceri, Gruteri, Acidalii, Grotii, Freinshemii, et selectis
818 950 2069 1017 aliorum commentariis illustrata. Joh. Fred. Gronovius
818 1004 2074 1068 recensuit, et suas Notas passim adjecit. Accedunt
818 1050 2025 1115 Jac. Gronovii excerpta ex variis Lectt. Ms. Oxon.-
831 1106 1531 1177 Tom. 2. Amstelodami, 1685.
787 1168 2070 1234 59, D. C. Cornelii Taciti Opera quae supersunt, Ex
822 1216 2069 1278 editione Jacobi Gronovii fideliter expressa. Tom. 4.
818 1268 1467 1340 Glasguae, apud Foulis, 1753.
789 1314 2072 1400 76, D. C. Cornelius Tacitus, cum optimis exemplaribus
816 1387 1935 1442 collatus. Amstelodami, apud Elzevirium, 1678.
789 1423 1228 1498 32, F. See Livius.
860 1480 939 1518 Mw.
611 1469 2072 1542 Terentius, 77, D. Pub. Terentii Comœdiæ sex, ex recensione
818 1531 1436 1593 Heinsiana. Amstelodami.
611 1569 2061 1646 Themistius, 16, F. Themistii Orationes XXXIII. e quibus tre¬
818 1635 2061 1711 decim nunc primum in lucem editae. Dionysius Peta¬
827 1689 2058 1755 vius e Soc. Jesu latine plerasque reddidit, ac fere vi¬
815 1750 2063 1812 cenas Notis illustravit. Accesserunt ad easdem XX.
822 1804 2069 1870 Orationes Notae alternae ad reliquas tredecim perpetuae
818 1853 2025 1915 Observationes Joannis Harduini. Graece et Latine.-
820 1894 1159 1976 Parisiis, 1684.
611 1954 1666 2023 Theocritus, 304, O. See Poetæ Minores Græci.
844 2014 1143 2081 320, O. See
611 2059 1141 2141 Theognis, 304, O. See
840 2116 1135 2185 320, O. See
611 2147 2063 2240 Theophrastus, 209, O. Theophrasti Characteres Eshici. Græce
818 2227 2058 2289 et Latine. Cum Notis ac Emendationibus Isaaci Ca¬
815 2273 2058 2336 sauboni et aliorum. Accedunt Jacobi Duporti Praelec¬
818 2331 2058 2406 tiones. Graeca cum vetustissimis MSS. collata, recen¬
815 2380 2019 2451 suit et Notas adjecit Pet. Reedham, S. T. B. &c.
822 2440 1252 2511 Cantabrigiæ, 1712.
782 2480 2058 2548 319, O. Theophrasti Narrationes Morum. Isaacus Ca¬
822 2541 2059 2608 saubonus recensuit, in Latinum sermonem vertit, et
822 2595 2032 2666 Libro Commentario illustravit. Graece et Latine.—
818 2648 1172 2726 Lugduni, 1638.
789 2703 2063 2772 297, O. Theophrasti Characteres, See Opuscula Mytho¬
818 2756 1072 2827 logica, &c.
611 2808 2058 2883 Tibullus, 334, O. Tibulli et Propertii Opera. Ex editione J.
