2479 3508
1088 284 1596 399 ANCIENT LITERATURE.
607 305 696 396 32
611 392 1332 504 Wolfius, 100, F. See Isocrates.
793 483 1330 557 289, O. See Epictetus.
613 508 2066 616 Xenophon, 67, F. Xenophontis, Philosophi et Imperatoris cla¬
822 595 2073 660 rissimi, quae exstant Opera, cum Nova Adpendice, &c.
824 649 2073 710 Opera Joannis Leunclavii Amelburni. Accesserunt
828 696 2066 784 Aemilii Porti, Fr. Porti Cr. Fil. Notæ, &c. &c, & c.
824 748 1858 819 Græcè et Latinè. Lutetiae Parisiorum, 1625.
795 784 2064 864 177. O. Kenophontis de Cyri Institutione libri Octo.
824 850 2079 915 Cum Notis Stephani, Leunclavii, Porti et Mureti, Variis
824 902 2075 998 Lectionibus, &c &c. &e. Cura Thomæ Hutchinson,
824 974 1808 1030 A. M. Græce et Latine. Londini, 1747.
793 1009 2066 1084 83, O. Xenophontis de Cyri Expeditione libri septem,
822 1066 2073 1157 a Thoma Hutchinson. Graece et Latine. Cantabrigiæ,
824 1122 958 1184 1785.
766 1150 2075 1238 - 260, O. Xerophontis Memorabilium Socratis Dictorum,
822 1229 2077 1318 libri IV. Graece et Latine. Cum Notis Integris Ernesti,
822 1276 1844 1336 aliorumque Selectis, &c. &e. Oxonii, 1741.
803 1316 2079 1394 338, O. Xenophontis de Agesilao Rege Oratio. Adjecta
822 1395 2073 1466 est Versio Latina ex editione T. Hutchinson. Graece
824 1437 1755 1526 et Latine. Glasguae, apud Foulis, 1747.
622 1491 1753 1567 Xenophontis, Prodici Hercules, 22, D. See Plato.
622 1545 1365 1627 Xylander, 57, F. See Plutarchus.
812 1607 1356 1681 112, F. See Pausanias.
