2479 3508
1006 225 1620 333 PHILOLOGY AND CRITICISM.
805 340 2040 428 Vocibus Latinis, Italicae, Gallicæ, et Hispanicae inter¬
802 419 2040 489 pretationes, &c. &c., Praeterea subjuncta sunt,
800 478 2015 542 Pauli Manutii, Aldi F. Additamenta, &c. Lc. &c.—
800 518 1151 589 Lutetiae, 1570.
589 538 2044 648 Calepinus, 72, F. Ambrosii Calepini Dictionarium Linguarum sep¬
805 626 2048 686 tem. Quo respondent Latinis vocabulis, Graeca, Italica,
805 675 2053 743 Gallica, Hispanica, Germanica, Belgica; praefixi sunt
802 732 2050 791 Tres Indices Alphabetici, in quibus, Hebraicae, Latinae
800 791 2044 856 et Germanicae dictiones, mutatis vicibus, sibi mutuò re¬
796 844 2053 913 spondent. Item, Onomasticum, etc. &c. Basileae, 1579.
593 884 1323 957 Carew, 257, O. See Faber, Tan.
597 939 2022 1012 Carey, 34, O. A Work in Bengalee. (Presented by W. Carey.)
758 992 2040 1069 42, O. A Work in Bengalee. (Presented by W. Carey.
759 1038 2059 1124 ﻿2, Q. A Grammar of the Sungskrit language, composed
805 1105 2053 1169 from the Works of the most esteemed Grammarians.
816 1157 2059 1217 To which are added, Iiamples for the Exercise of the
800 1211 2053 1285 Student, and a complete List of the Dhatoos, or Boots.
802 1261 2059 1327 By W. Carey, Teacher of the Sungskrit, Bengalee,
805 1323 2053 1378 and Mahratta Languages. in the College of Fort Wil-
805 1365 2039 1435 liam. Serampore, 1806. (Presented by the author.)
767 1422 2064 1495 41, O.ldlogues; intended to facilitate the acquiring of
805 1480 2061 1550 the Bengalee language. By W. Carey. Serampore,
807 1524 1574 1601 1801. (Presented by the author.
602 1572 2066 1647 Carré, 8, D. Traité complet de la Prononciation de la Langue
805 1631 1901 1700 Anglaise, &c. par Charles Carré. Philad. 1818.
840 1687 2064 1749 51, D. Christophori Cellarii, Smalcaldiensis, Curae
598 1662 816 1760 Cellarius,
820 1748 2059 1817 posteriores de Barbaraismis et Idiotismis Sermonis La¬
814 1795 1903 1867 tini, secundum secula distributae. Cizae, 1681.
772 1839 1640 1920 52, D. The same work. Jenae, 1700.
606 1896 2061 1965 Chamberlayne, 129, Q. Oratio Dominica in diversas omnium fere
813 1956 2070 2024 Gentium Linguas versa et propriis cujusque Linguae
816 2004 2064 2073 Charasteribus expressa, una cum Dissertationibus non¬
816 2070 2061 2125 nullis de Linguarum Origine, variisque ipsarum Permu¬
822 2110 2061 2200 tationibus, Editore Joanne Chamberlaynio, F. R. S., &c.
816 2163 1281 2238 Amstelodami, 1715.
608 2220 2061 2306 Chrysostomus, D. Joannes, de Babyla Martyre, 341, O. See P.
818 2273 1087 2342 Mosellanus
608 2302 1257 2410 Cicero, 119, F. See Wolfius.
772 2374 1279 2452 342, O. See Francius.
613 2428 1248 2492 Curio, 77, F. See Nizolius.
619 2456 2072 2557 Clericus, and 345, O. Joannis Clerici Ars Critica; cum Epistolis Cri¬
1369 2531 2050 2610 Tom. 3. Amstelodami, 1697.
827 2538 1329 2608 ticis et Ecclesiasticis.
617 2582 2066 2661 Clenardus, 321, O. Institutiones Linguae Græca, N. Clenardo,
822 2641 2061 2701 author. Cum Scholiis et Praxi P. Antesignani Rapis¬
827 2692 1442 2776 tagnensis. Coloniae, 1569.
609 2736 2081 2838 Dasypodius, 47, O. Lexicon Graecolatinum in usum juventutis
