2479 3508
919 230 1538 342 PHILOLOGY AND CRITICISM.
709 352 1958 442 with an Inaugural Oration in Latin, &c. &c: By John
721 413 1739 488 Ward,LL. D., &c. 2 vols. London, 1759.
491 458 1956 537 Willymott, 242, O. The Peculiar Use and Signification of cer-
709 513 1960 583 tain words in the Latin Jongue, &c. &c, By William
721 568 1684 652 Willymott, M. A. &c. Cambridge, 1705.
493 615 1956 703 Wilson, 121, O. An Essay on Grammar; the Principales of which
707 679 1956 749 are exemplified and appended in an English Gram-
709 741 1960 809 mar. By James P. Wilson, D. D. Philadelphia, 1817.
721 791 1295 862 (Presented by the author.
497 838 1956 909 Wolfius, 119, F. Hieronymi Wolfiii in Ciceronis officia, Catonem,
709 895 1963 959 Lælium, Paradoxa, et Scipionis Somnium Commentarii
707 951 1956 1006 atque Scholia, ad vitam rectè instituendam, methodum¬
712 1008 1954 1070 que Scholarum exercendam, accommodata. Basileae,
720 1048 847 1119 1584.
497 1101 1207 1174 Zanchus, 77, F. See Nizolius.
