2479 3508
790 279 1707 393 PHYSICAL AND MATHEMATICAL SCIANCES.
505 379 1983 496 Ferguson, 33, Q. The same Work.—To which are added, A plain
724 472 1977 524 Method of finding the Distances of all the Planets from
724 513 1975 584 the Sun, by the transit of Venus over the Sun’s disc in
735 570 1977 634 1761.—An account of Mr. Hor prox’s Observation of the
733 619 1984 691 Transit of genus in 1639; and of the Distances of all
724 682 1981 753 the Planets from the Sun, as dediueed from Observations
720 731 1630 799 of the transit in 1761. London, 1764.
513 766 1981 849 Flamsteed, 3, F. Atlas Coelestis. By the late Rev. Mr. John
724 840 1975 910 Flamsteed, Regius Professor of Astronomy at Green
724 884 1485 961 wich. Portrait. London, 1753.
687 948 1193 1009 191, O. See Whiston.
752 998 1983 1064 10, Q. Tables of Logarithms, for all numbers from 1 to
518 990 724 1086 Gardiner
724 1060 1981 1119 102100, and for the Sines and Langents to every ten
718 1108 1977 1172 seconds of each degree in the Quadrant; as also, for the
718 1161 1981 1226 Sines of the first 72 minutes to every single second:
728 1216 1977 1292 with other useful and necessary Tables. By William
724 1261 1347 1336 Gardiner. London, 1742.
509 1283 1981 1382 s'Gravesande, 7, D. G. J. s’Gravesande, Philosophiae Newton-
720 1367 1981 1463 ianae Institutiones, in Usus Academicos. Lugduni Ba¬
724 1428 1080 1487 tavorum, 1723.
687 1461 1975 1545 79, Q. Mathematical Klements of Natural Philosophy,
724 1544 1981 1595 confirdmed by Experiments: or, an Introduction to Sir
1430 1577 1979 1648 written in Latin by the
724 1582 1380 1656 Isaac halton’s Philosophy.
724 1632 1948 1692 late W. James s'Gravesande,LL. D., F. R. S. &c.—
735 1689 1983 1757 Translate into English by the late J. T. Desaguliers,
728 1742 1957 1834 LL. D., F. R. S. With 127ieopper-plates. 2 vols.—
729 1795 1068 1860 London, 1747.
518 1826 1979 1942 thay, 244, O. A Testise of Gunnery. By John Gray. Lon¬
729 1905 985 1968 don, 1731.
518 1931 1981 2045 Greene, 63, F. The Principales of the Philosophy of the Expansive
724 2007 1981 2078 and Contractive Forces. Or, an Inquiry into the Prin-
724 2067 1983 2128 iples of the Modern Philosophy; that is, into the Seve¬
729 2111 1977 2177 ral Chief National Princes, which are extent. By Ro¬
733 2176 1724 2234 bert Greene, M. A. &c. Cambridge, 1727.
520 2227 1977 2291 Gregory, 58, F. Astronomiae Physicae et Geometricae Elementa.
733 2277 1972 2356 Auctore Davide Gregorio, M. D. Astron. Prof. Savil.
729 2326 1395 2405 Ononiæ, &c. Oxoniae, 1702.
700 2380 1123 2457 85, O. See Hauy.
527 2420 1977 2490 Guttenberg, de 120—5, Q. De Sectionibus Conicis, &c. Auct.
733 2505 1893 2563 D. P. T. L. B. de Guttenberg. Bambergæ, 1773.
524 2525 1204 2617 Halley, 191, O. See Whiston.
518 2574 1979 2664 Hamilton, 29, Q. De Sectionibus Conicis, Tractatus Geometri¬
739 2650 1977 2712 cus; in quo ex Natura ipsius Coni Sectionum Affec¬
739 2705 1983 2764 tiones facillime deducuntur; Methodo Nova. Auctore
729 2756 1814 2832 Hugone Hamilton, A. M. &c. Londini, 1758.
514 2806 1975 2889 Hammond, 130, O. ThePractical Surveyor, &c. &e.&c. By
