2479 3508
578 293 661 379 44
849 287 1781 399 PHYSICAL AND MATHEMATICAL SCIENCES.
787 370 2044 496 John lammond and Samuel Werner. lates. Lon¬
792 465 1052 529 don, 1750.
575 511 2046 597 Hassler, 30, O. Element of Analytic Trigonometry, plane and
796 575 2040 653 spherical. By F. R. Hassler, F. A. P. S. New York,
807 624 1854 701 1826. (Presented by P. S. Du Ponceau, Esq.
575 666 2040 754 Hauy, 85, O. An Elementary Treatise on Naturalethilosophy.
802 734 2050 798 Translate from the French of M. R.-J. Haüy, Prof. of
792 783 2002 873 Minerology, &c. By Olinthus Gregory, A. M. &c.,
807 836 2044 930 With notes by the Translator. plates. 2 vols. Lon¬
794 891 1052 964 don, 1807.
584 928 2046 1019 Hesham, 167, O. A Course of Lectures on Natural Philosophy.
796 999 2050 1071 By the late Richard Helsham, M. D. &c. published by
802 1052 1945 1116 Bryan Robinson, M. D. Plates. London, 1739.
759 1107 1843 1191 205, O. The same Work. Philadelphia, 1802.
587 1157 1482 1219 hero, 15, F. See Mathematici Veteres.
587 1210 1290 1279 Hor prox, 33, Q. See Iergison.
589 1248 2053 1329 Hugenius, 100, Q. Christiani Hugenii Zelemii, dum viveret,
802 1318 2046 1387 Toparchae, Opuscula Postuma, quae continent Dioptri¬
800 1376 2046 1433 cam. Commentarios de Vitris figurandis. Disserta¬
800 1418 2053 1497 tionem de Corona et Parheliis. Tractatum de Motu,
802 1473 2046 1543 de Vi Centrifuga. Descriptionem Automati Planetarii.
800 1528 1751 1601 Cum figuris. Lugduni Batavorum, 1703.
767 1576 1204 1640 267, O. See Keill.
580 1627 1338 1711 Jacquier, 70, Q. See Newtonus.
587 1665 2044 1762 Jæger, 120—6, Q. Schemæ Exercitationis Mathematicae in Arith¬
802 1742 2044 1814 maticam, Algebram, ad usus domesticos, &c. applicatus,
800 1793 1980 1854 &c. &c &c. Auctore J. Jæger. Bambergæ, 1768.
589 1832 780 1920 Kastner,
805 1843 2048 1905 75, O. Einleitung in die neuere Chemie, Behufs seiner
802 1903 2051 1964 Vorlesungen und zum Selbstunterrichte für Aufänger
796 1951 2022 2015 herausgegeben. Von C. W. G. Kästner, M. D. &c.—
805 2009 1091 2079 Halle, 1814.
593 2022 2046 2117 Keill, 267, O. introductio ad veram Physicam: seu Lectiones
802 2117 2044 2181 physicae habitae in Schola Naturalis Philosophiae Acade¬
802 2169 2053 2242 miae Oxoniensis, quibus accedunt Christiani Hugenii
811 2225 2046 2288 Theoremata de Vi Centrifuga, et Motu Circulari de¬
800 2275 1998 2339 monstrata, per Jo. Keill, A. M. &c. Oxoniae, 1702.
772 2326 1239 2401 214, O. See Euchd.
593 2364 2050 2445 Kelly, 231, O. The modern Navigation’s compleat Tutor: or, A
802 2432 2046 2507 Treatise of the whole Art of Navigation in its theory
805 2489 2040 2560 andwerice, &c. &c &c By Joshua Kelly. 2 vols.
802 2542 1144 2610 London, 1733.
597 2566 2050 2659 Lamy, 31, D. Elemens des Mathematiques, ou Traité de la
811 2652 2050 2710 Grandeur en general, etc. &c. par le R. P. Bernard
802 2701 1362 2774 Lamy. A Paris, 1704.
597 2740 2044 2816 Landbetter, 163, O New Tables of the Motions of the Planets,
800 2811 2055 2902 the fixed Stat, and the first Satellite of Jupiter; of
