2479 3508
591 302 682 389 46
877 284 1786 384 PHYSICAL AND MATHEMATICAL SCIANCES.
602 406 2050 502 Muller, 119—3, Q. De justo Probabilitatis valore et usu, &c.
811 455 1791 527 Auctore P. L. S. Muller. Erlangæ, 1757.
593 497 2046 595 Musschenbroek, 104, O. The Klements of Natural (Philosophy).
808 577 2052 642 By Peter Van Musschenbroek, M. D. Translate trom
815 631 2052 722 the Latin by John Colson, M. A. &c. Vol. I. London,
809 682 955 749 1744.
771 726 2055 795 31, Q. introductio ad Philosophiam Naturalem. Auctore
811 786 2019 842 Petro Von Musschenbroek. Cum figuris. Tom. 2.—
817 835 1420 918 Lugduni Batavorum, 1762.
593 889 2052 958 Newton, 80, Q. Philosophiae Naturalis Principia Mathematica;
815 946 2010 1008 Auctore Isaaco Newtono, Eq. Aurato. Cum effigie.
778 1000 2059 1062 70, Q. Philosophiae Naturalis Principia Mathematica;
815 1053 2052 1119 Auctore Isaaco Newtono, Eq. Aurato; perpetuis Com¬
811 1106 2055 1175 mentariis illustrata, communi studio PP. Thomae Le
808 1162 2061 1217 Seur et Francisci Jacquier, ex Gallicana Minimorum
811 1213 2059 1275 Familia, Matheseos Professorum. Tom. 3. Coloniae
811 1266 1246 1337 Allobrogum, 1760.
782 1295 2052 1397 171, O. The Mathematical Principales of Natural Philo¬
811 1371 2042 1459 sophy. By Sir Isaac Newton. Translate into Eng
811 1424 2055 1486 lish by Andrew Motte. With the Laws of the Moon's
808 1479 2052 1568 Motion, according to Gravity; by John Machin, Astron.
806 1528 1819 1595 Prof. &c. Plates. 2 vols. London, 1729.
788 1560 2052 1650 246, 0. Optice: sive de Reflexionibus, Refractionibus,
811 1639 2059 1697 Inflexionibus et coloribus Lucis, libri tres. Authore
808 1693 2055 1757 Isaaco Newtono, Eq. Aurato. Latine reddidit Samuel
811 1744 1582 1817 Clarke, S. T. P. Londini, 1719.
788 1797 2041 1870 15, Q. A View of Sir Isaac Newton’setilosophy. By
806 1851 2061 1930 Henry Pemberton, Plates. London, 1728. (Presented
808 1901 1266 1979 by John McDowell.)
780 1955 1371 2032 79, Q. See s'Gravesande.
604 2004 809 2092 Ozanam.
828 2006 2059 2070 282, O. Cursus Mathematicus: or, a complete course
808 2068 2052 2139 of Mathematicks. Vol. II. Containing Arithmetic and
813 2128 2052 2190 Trigonometry. With Cables, &c. &o. Translated from
811 2170 1801 2232 the French of M. Ozanam. London, 1712.
789 2219 2061 2301 138, 0. Cours de Mathematique. Par M. Ozanam.
818 2277 1575 2346 Tomes 2, 3, 4, 5. A Paris, 1693.
597 2324 1288 2399 Patrick, 88, O. See Collarius.
598 2375 2055 2463 Paterson, 91, O. A Brief Outline of Physics, or Natural Philo¬
811 2437 2052 2514 sophy: being an Appendix to Adams’s Lectures, &c.
817 2494 1790 2555 By Robertaiterson. Philadelphia, 1807.
780 2544 1228 2615 56, O. See Ewing.
598 2588 1317 2666 Pemberton, 15, Q. See Newton.
606 2659 1486 2726 Philo, 15, F. See Mathematici Veteres.
607 2697 1375 2777 Pingré, 55, Q. See Courtanvaux.
602 2754 2055 2823 Priestley, 49, Q. The tistory of the present State of Discoveries
811 2810 2052 2903 relating to Vision, Light, and Colours. By Joseph
