2479 3508
576 238 666 337 52
853 221 1773 324 MORAL PHILOSOPHY AND JURISPRUDANCE.
584 324 2050 432 Faber, Basilius, 27, F. Basilii Fabri Sorani Thesaurus Eruditionis
796 414 2048 472 Scholasticae, omnium usui et disciplinis omnibus accom¬
796 463 2048 538 modatus, post celeberrimorum virorum Buchneri, Cel¬
796 516 2040 584 larii, Graevii, Operas et Adnotationes et multiplices
805 573 2044 646 Andreae Stubelii curas, recensitus, emendatus, locuple¬
802 624 1806 706 tatus a Jo. Matthia Gesnero. Lipsiae, 1726.
587 668 798 748 Fabrotus
827 677 1365 737 76, Q. See Theophilus.
587 730 1437 805 Fran. Toleti, 92, Q. See Aristoteles.
906 783 1169 853 96, Q. See
597 820 2053 902 Friderich, 121—2, Q. Juris Ecclesiastici ad Statum Germaniae
802 899 2050 957 adcommodati summa Capita, &c. Auctore P. P. Fride¬
805 944 1380 1016 rich. Bambergæ, 1789.
597 999 2053 1061 Gassendus, 46, D. Institutio Logica, et Philosophiæ Epicuri Syn¬
807 1052 2048 1118 tagma. Åuthore V. Cl. Petro Gassendo. Londini, 1668.
593 1103 2059 1166 Geilfusius, 352—2, O. intelligentia, seu primorum Principiorum
802 1155 2055 1222 Habitus, & c. &c. Opera Johannis Geilfusii. Tubingae,
807 1211 946 1277 1662.
598 1241 1448 1318 Grævius, 27, F. See Faber, Basilius.
602 1308 1100 1380 Gesnerus, 27, F. See
602 1360 1387 1426 Gothofredus, 66, F. See Calvinus.
598 1415 2044 1479 Grove, 164, O. A System of Moral Philosophy, by the late Reve¬
802 1482 2053 1537 rend and Learned Mr. Henry Grove, of Taunton. Pub-
805 1523 2059 1592 ished from the Author’s Ms. by Thomas Amory. 2
811 1581 1312 1636 vols. London, 1755.
606 1625 2050 1689 Gutkius, 352—1, O M. Georgii Gutkii Habitus primorum Prin¬
811 1685 2053 1749 cipionum seu intelligentiae. Cum Disputationibus, &c.
811 1738 1962 1799 &c. et Additamento Heinzelmani. Berolini, 1661.
587 1790 2055 1848 Habermann, 145—5, Q. F. Lud. Habermann, Commentarius in
814 1841 2048 1903 Institutiones Juris Civilis, & c. &c. Cum Coroll. D. C.
811 1890 1687 1969 F. L. B. ab Hutten. Herbipoli, 1726.
1652 1920 2055 2017 continuatio Com¬
792 1951 1620 2009 143—4, Q. F. Lud. Habermann,
807 2006 2053 2061 mentarii in Institutiones Juris Civilis, &c.&c. etc. Cum
807 2050 2050 2117 coroll. &c. D. F. J. L. B. de Münster. Herbipoli, 1726.
597 2106 2059 2167 Hanaver, 119—2, Q. Existente alio valore Monetae tempore con¬
814 2161 2050 2225 tractus celebrati, &c. &c, & c. Ac. Auctore F. B. Hana¬
816 2212 1354 2286 ver. Bambergæ, 1776.
598 2258 2055 2337 Haysdorff, 125—4, Q. De Reservato Postarum Caesaris proprio,
816 2315 2053 2386 et qua tali a Statibus Imperii agnito, &c. &c«. Auctore
811 2377 1634 2430 J. H. Haysdorff. Bambergae, 1745.
598 2421 2053 2496 Heineccius, 178, O. A Methodical System of Universal Law: or
814 2478 2059 2540 the Laws of Nature and nations dediued from certain
811 2536 2059 2599 Principles, and applied to proper Clases. Translated
814 2588 2059 2657 from the Latin of Jo. Got. Heineccius, and illustratea
814 2639 2057 2708 with Notes and a Supplement, by George Turnnull,
816 2694 2059 2749 LL. D. With a Discourse on the Nature, &c. of Mo¬
814 2745 2035 2805 ral and Civil Laws, &c. &e. 2 vols. London, 1741.
606 2794 2053 2882 Grasmannsdorf, de 124—3, Q. De Decimis, &c. &e. Ac. Auctore
807 2849 2053 2939 J. F. J. Heinrichen de Grasmannsdorf. Bambergæ, 1761.
