2479 3508
902 233 1822 335 MORAL PHILOSOPHY AND JURISPRUDANCE.
895 335 2078 423 —4, Q. De Jure eundi in partes in Negotiis circulari¬
638 326 866 439 Puls, 111
851 403 2085 492 bus locum non tenente, etc. &c. Auctore G. F. Püls.
846 456 1245 532 Bambergæ, 1773.
873 470 2083 580 146—3, Q. De Differentiis Juris Communis et Fran¬
634 474 851 598 Reichard.
851 570 2079 652 conici, &c &c.&c. Auctore C. B. Reichard. Wirce¬
851 614 1139 694 burgi, 1742.
629 632 2081 738 Reid, 55, O. An Inquiry into the human Mind, on the Principles
844 725 2085 811 of Common sense. By Thomas Reed, D. D. &c. Edin-
849 776 1108 853 burg, 1764.
634 791 2081 917 Reider, 119—1, Q. De Consensu feudali definite data, &c. Auct.
846 875 1527 960 C. Reider. Bambergæ, 1773.
631 902 2087 1010 Reindl, 140—1, Q. De Judiciis et Processu Judiciario ad Lib.
837 988 2078 1050 II. Decretalium Gregorii IX. & c. &c. Ac. Auctore P.
849 1041 1531 1119 E. Reindl. Salisburgi, 1723.
621 1052 2087 1170 Ritter, 111—2, Q. De Consensu feudali in genere, et in specie
840 1148 2081 1234 de personis consentientibus, etc. &c. Auctore J. G.
844 1197 1453 1276 Ritter. Bambergæ, 1770.
621 1212 2081 1325 Rutherforth, 149, O. Institutes of Natural Law, being the sub-
837 1301 2083 1374 stance of a course of Lectures on Grotius de Jure Belli
837 1361 2085 1431 et Pacis, read in St. John’s College, Cambridge, by T.
840 1407 2078 1507 Rutherforth, D. D. F. R. S. &c. 2 vols. Cambridge,
846 1462 968 1529 1754.
625 1482 2085 1593 Sacheverell, 121, F. The Tryal of Dr. Henry Sacheverell, before
831 1569 2087 1635 the House of Peers, for High Crimes and Misdemeanors,
831 1617 2087 1702 &c. &c. Begun Feb. 27, 1709-10, and continued till
835 1669 1726 1746 March 23d. following. London, 1710.
621 1688 2081 1806 Sanchez, 47, F. R. P. Thomæ Sanchez Cordubensis, e Societate
829 1771 2072 1843 Jesu, de Sancto Matrimonio Sacramento. Cum Con¬
840 1841 2078 1915 stitutionibus SS. D. N. Papae Benedicti XIV. circa idem
831 1879 2043 1946 Sacramentum editis, &c.&c. 3 tom. Viterbii, 1754.
621 1905 2078 1992 Schell, 111—6, Q. De Agnato dominove vasalli absentis ut ut No¬
835 1990 2072 2070 bilis immediati curatore, &c. &c, etc. Auctore J. M. E.
837 2041 1440 2125 Schell. Bambergae, 1778.
621 2058 2072 2176 Schild, 125—6, Q. Collatio Juris Civilis Romani de Emptione
837 2154 2069 2213 Venditione Fructuum imperfectorum in herbis penden¬
831 2207 2072 2282 tium cum Ordinatione Topica Fuldensi de quâ Martii
840 2254 2047 2331 1728, &c. &c Auctore G. J. Schild. Fuldae, 1748.
621 2280 2063 2384 Schlehlein, 111—1, Q. De Stylo et Praejudiciis summorum impe¬
835 2358 2063 2444 rii Tribunalium, &c. Auctore G. A. Schlehlein. Bam¬
833 2418 1121 2497 bergae, 1773.
625 2431 2072 2533 Schmidt, 119—4, Q. positiones inaugurales ex omnigeno Jure et
826 2522 2032 2599 ejus Historia, &c. Auctore P. Antonius Schmidt.-
837 2570 1234 2650 Bambergæ, 1763.
811 2590 2067 2701 125—1, Q. De Indole ac Natura Judiciorum Germaniae,
835 2681 2063 2743 &c. Lc. &c. Auctore B. Schmidt. Bambergae, 1749.
806 2736 2069 2808 223, O. Institutiones Juris Ecclesiastici Germaniae ad¬
835 2794 2069 2880 commodatae. Edidit in usum Auditorum suorum An¬
