2479 3508
790 257 1712 380 MORAL PHILOSOPHY AND JURISPRUDANCE.
730 386 1965 484 Life, as well as in the Princes. By Isaac Watts, D. D.
724 451 1063 520 London, 1751.
699 489 1675 572 143 O. The same Work. London, 1745.
514 549 1971 630 Weisserth, 91—5, Q. Ichnographia conclusionum ex universo
724 616 1960 681 Jure, etc. etc. Auctt. PP. EF. Ab. Weisserth, et Rog.
724 661 1344 741 Kayser. Bambergæ, 1719.
509 696 1960 777 Wurzfeld, 143—2, Q. De Jure et Jurisdictione Abbatum, etc.
616 775 1860 864 etc. etc. Auct. P. C. Würzfeld. Wirceburgi, 1736.
