2479 3508
906 265 1795 385 HISTORY, BIOGRAPHY, ANDGEOGROPHY.
623 270 706 381 62
632 367 2067 472 Bolingbroke. 145, O. Letters on the Study and Use of history.
835 457 2076 515 By the Right Hon. Henry St. John, Lord Viscount Bo¬
840 506 1452 581 lingbroke. London, 1752.
819 554 2082 623 174, O. Remarkes on the history of England, (by Lord
835 615 1541 686 Bolingbroke.) London, 1743.
632 668 1414 726 Bourbon, 35, Q. See Desormeaux.
632 724 2078 791 British America, 144, O. The British Empire in America, con¬
840 773 2082 833 taining the tistory of the Discovery, Settlement, Pro¬
840 829 2084 897 gress, and State of the British Colonies in the continent
837 877 1975 938 and Island of America. 2 vols. London, 1741.
623 931 1231 995 Buck, 31, F. See Kennet.
624 987 2084 1058 Burk, 100, O. The tistory of Virginia; èmmenced by John
837 1044 2082 1104 Burk, and continued by Skelton Jones, and Louis Hue
840 1089 2009 1142 Girardin. 4 vols. Petersburg. (Va.) 1804—1816.
624 1140 2084 1221 Byzantinæ Historiae Scriptores, 12, F. See Historiæ Byzantinae
835 1200 1085 1263 Scriptores
632 1238 1269 1309 Caldwell, 8, O. See Greene.
633 1294 2084 1374 Callender, 53—4, O. Letters to Alexander Hamilton, by Callen-
837 1354 1388 1427 der. New York, 1802.
632 1403 1323 1472 Cambden, 31, F. See Kennet.
637 1450 2084 1539 Carte, 36, F. A General history of England. From the earliest
842 1516 2065 1594 times to the year 1654. By Thomas Carte, an Eng-
837 1572 1771 1635 lishman. 4 vols. London, 1747–1755.
835 1614 2078 1693 41, F. The Roman history; with Notes historical,
626 1604 813 1697 catrou,
840 1668 2073 1742 geographical andontical; and lllustMated with Copper¬
837 1739 2084 1799 lates, Maps, and a great number of authentick Medals.
831 1793 2076 1846 Donc into English, from the original French of the Rev.
831 1833 2078 1904 Fathers Catrou and Rouillé. With a summary of the
849 1889 1577 1942 Work. 6 vols. London, 1728.
1581 1902 2078 1998 Census of the United
637 1929 1543 2015 Census of the United States, &c. 7, F.
837 1995 2084 2055 States for 1820. published by authority of an Act of
837 2040 1545 2111 Congress. Washington, 1821.
808 2082 2082 2169 8, Q.bringing amount of each Description of Persons
840 2160 2084 2222 in the slnited States and their lerritories, according to
837 2207 2082 2274 the Census, taken in virtue of the Acts of Congress of
837 2271 2082 2329 1820 and 1821. With a List of the Taxable Inman¬
837 2312 2082 2381 tants, &c. &c. in Pennsylvania in 1821; a January of
837 2365 2082 2423 of the Census of New York in 1821. Also Com’s
842 2419 2084 2483 Statement of the Nrts and Manufactures of the United
842 2470 2016 2525 States. Philad. 1822. (Presented by R. De Silver.
633 2532 2084 2608 Chamberlayne, 110, O. Magnae Britanniae Notitia: or, the Pre¬
842 2588 2084 2644 sent State of GreatDenitain; with divers Remarks upon
842 2628 2076 2693 the Antient State thereof. By John Chamberlayne, Esq.
842 2684 1189 2757 London, 1723.
641 2735 1296 2810 Chapman, 57, Q. See Vertot.
641 2788 1365 2860 Charles I. 116, F. See Ludlow.
641 2844 2082 2926 Clairac, La Mamye- 18, D. Histoire de Perse, depuis le com¬
