2479 3508
1844 275 1939 377 63
751 257 1649 381 HISTicr, BIOGRAPHY, AND GeoGRAPHv.
685 363 1923 474 mencement de ce Siecle. Par La Mamye-Clairac. 3 tom.
687 454 1033 518 A Paris, 1750.
474 474 1926 576 Clarendon, 22, F. The history of the Rebellion and Civil Wars
687 563 1925 625 in England, begun in the year 1641. With the prece¬
685 620 1926 676 dent Passages, andestions, that duibuted tereto,
682 663 1923 724 and the happy End and conclusion thereof by the King's
685 718 1923 787 blessed Restoration and Return, upon the 29th of May
682 776 1930 835 in the year 1660. Written by the Right Hon. Edward
685 827 1926 888 Earl of Clarendon. Portfaits aud plates. 3 vols. in 1.
694 882 1011 948 Oxford, 1732.
467 929 1932 993 Cluverus, 112, Q. Johannis Cluveri Historiarum totius Mundi
694 986 1932 1046 Epitome a prima Rerum Origine usque ad annum Christi
691 1041 1930 1103 MDCXXX, ex sexcentis amplius Authoribus sacris pro¬
676 1097 1935 1157 fanisque, deducta, &c. Accessit per ipsum Authorem
685 1146 1932 1214 continuatio Historiae ad annum MCCXXXIII, nunc
680 1203 1926 1261 aucta ad annumidenDCLIII. Lugduni Batavorum, 1657.
474 1248 1739 1310 Combefisius, 12, F. See Historiae Byzantinae Scriptores.
709 1299 1937 1372 of the ½nited States, 25, 0. Secret Journals of the
476 1307 687 1376 Congress
685 1361 1932 1422 Acts and Process of Congress, from the first meet-
685 1407 1932 1471 ing thereof, to the dissolution of the Consideration, by
685 1469 1935 1529 the adoption of the Constitution of the United States. 4
691 1518 1163 1587 vols. Boston, 1821.
476 1547 1926 1640 bress, Jounals of, 24. O. Journals of Congress, containing
687 1622 1934 1700 their Broceedings from September 5, 1774, to November
682 1677 1744 1740 3, 1788. 13 vols. Philadelphia, 1800—1801.
652 1724 1935 1795 26, O. Journals of the House of Representatives of the
685 1782 1935 1848 Dnited States, commeneing with the secondumon of
696 1835 1935 1899 Thirteenth Congress, and concluding with the 2d session
682 1881 1892 1972 of the Eighteenth Congress, both inclusive. 12 vols.-
696 1941 1287 2001 Washington, 1813—1824.
652 1985 1926 2054 27, O. Journals of the Senate of the United States, com¬
691 2058 1932 2116 mencing with the second session of the Thirteenth Con-
694 2096 1935 2160 gress, and concluding with the second session of the
689 2156 1930 2216 Eightteenth Congress, both inclusive. 12 vols. Wash-
691 2205 1163 2278 ington, 1813—1824.
671 2256 1932 2329 12, O. State Papers, 2d Session, 13th Congress. 3 vols.
696 2313 1290 2382 Washington, 1813—1814.
663 2356 1937 2440 13, O. State Papers, 3d Session, 13th Congress. 3 vols.
703 2415 1130 2488 Washington, 1814.
658 2457 1932 2548 14, O. State Papers, 1st Session, 14th Congress. 3 vols.
696 2524 1296 2592 Washington, 1815—1816.
654 2575 1937 2654 15, O. State Papers, 2d Session, 14th Congress. 3 vols.
696 2634 1296 2706 Washington, 1816—1817.
663 2683 1937 2765 16, O. State Papers, 1st Session, 15th Congress. 10 vols.
705 2739 1287 2808 Washington, 1817—1818.
658 2796 1932 2874 17, O. State Papers, 2d Session, 15th Congress. 10 vols.
691 2852 1289 2934 Washington, 1818—1819.
