2479 3508
733 230 1632 353 HISTicr, BIOGRAPHY, AND GEOGRitzny.
443 331 1150 437 Hayward, 31, F. See Kennet.
448 393 1918 480 Henry, 93, O. The history of Great British, from the first Inva¬
662 476 1918 538 sion of it by the Romans under Julius Cæsar. Written
667 531 1911 616 on a New Plan. By Robert Henry, D. D. &c. Por¬
663 575 1398 650 trait. 12 vols. London, 1805.
448 616 1229 706 Herbert, Lord, 31. F. See Kennet.
456 682 1363 766 Hereford, Bishop of, 31, F. See Kennet.
652 737 1920 810 30, F. Cosmography, in four books. Containing the
452 741 630 821 Heylyn
663 792 1920 856 Chorography and history of the whole World: and all
663 838 1917 902 the Principal Kindoms, Provinces, Leas, and theIsles
671 899 1920 967 thereof. By Peter Heylyn, D. D. Improved with a
663 948 1920 1023 Historical continuation to the present Times, by Ed-
662 1000 1676 1069 mund Bohun, Esq. Maps. London, 1703.
448 1036 1882 1128 Historiae Britannicæ, Saxonicæ, Anglo-Danicæ, Scriptores XV.-
663 1112 1080 1183 105, F. See Gale.
443 1158 1915 1244 Historiæ Byzantinae Scriptores, &c. 12, F. Historiae Byzandinae
658 1216 1924 1279 Scriptores post Theophanem, partim nunc primum editi,
662 1268 1920 1341 partim recensiti, et nova Versione adornati. Cura et
663 1327 1915 1409 Studio R. P. Francisci Combefisii. Græce et Latine.
658 1376 998 1448 Parisiis, 1785.
662 1420 1915 1487 Universal, 139, O. An Universal history, from the Ear-
435 1400 636 1505 History
663 1490 1922 1551 liest Account of Time. Compiled from original Author;
647 1538 1915 1602 andieillustratea with Maps, Cuts. Notes, &c. The An¬
662 1593 1918 1667 cient part in 20 vols., the Modern in 40 vols. (Vols 31,
662 1639 1608 1718 38, 39, wanting.) London, 1747—1763.
439 1696 1911 1766 Hooke, 127, O. The Roman history, from the building of Rome to
658 1751 1909 1839 the Ruin of the Commonwealth. By N. Hooke, Esq.
654 1799 1189 1883 4 vols. Dublin, 1759.
625 1850 1064 1926 57, Q. See Vertot.
447 1869 1917 1984 Howel, 52, F. An Institution of General history, or, the His-
662 1966 1915 2023 tory of the World. Being a complete Body thereof
658 2016 1915 2076 from the beginning of the World till the Monarchy of
662 2075 1915 2157 Constantine the Great, dc. &c.&c. By William Howel,
656 2117 1156 2188 LL. D. &c. 3 vols.
1183 2124 1516 2198 London, 1680.
443 2154 652 2249 Huberus
673 2174 1911 2253 104, Q. Ulrici Huberi Institutiones Historiae Civilis,
658 2229 1909 2297 quae continent summam rerum toto Orbe Gestarum ab
658 2282 1911 2348 ortu Imperiorum, usque ad medium saeculum à Christi
652 2335 1911 2420 nato decimum septimum. Cura Zach. Huberi, Ulr. Fil.
656 2391 1093 2462 Franequeræ. 1703.
443 2416 1911 2516 Hulchinson, 65, O. The history of Massachusetts, from the first
652 2503 1896 2574 settlement thereof in 1628, until the year 1750. By
663 2543 1905 2617 Thomas Hutchinson, Esq. &c. 2 vols. Boston, 1795.
439 2602 1917 2675 Ingersoll, 32, O. A View of the Right and Wrongs, Power and
654 2663 1915 2721 Policy, of the United States of America. By Charles
652 2701 1514 2771 Jared Ingersoll. Philadelphia, 1808.
432 2754 1905 2833 Jaligny, 45, F. Histoire de Charles VIII. Roy de France, par
658 2815 1909 2894 Guillaume de Jaligny, André de La Vigne, et autres
