2479 3508
607 212 688 328 68
893 225 1790 332 HISTORY, BIOGRAPHY, ANDrtEOGROPHY.
825 319 2077 426 Historiens de ce temps-là. Où sont decrites les Choses
828 410 2072 474 les plus memorables arrivées pendant ce Regne depuis
819 470 2076 531 1483 jusques en 1498. Enrichi de plusieurs Memoires,
828 515 2077 568 Observations, fc. &c. etc. Le tout recueilli par feu
825 568 1985 627 M. Godefroy, Historiographe, &c. A Paris, 1684.
614 611 1384 692 Joan. Fordun. 105, F. See Gale.
611 657 1478 742 Joan. Wallingford. 105, F. See Gale.
839 729 2077 793 26, F. Histoire de Saint Louis, par Jehan, Sire de
605 723 819 812 Joinville.
825 782 2081 851 Joinville.—Les Annales de son Regne, par Guillaume
825 830 2077 899 de Nangis.—Sa Vie et ses Miracles, par le Confesseur
825 880 2077 945 da la Reine Marguerite.—Le tout publié d'après les
825 935 2087 1022 MSS. de la Bibliotheque du Roi, et accompagné d'un
825 987 1445 1066 Glossaire. A Paris, 1761.
607 1017 1207 1124 Jones, 100, O. See Burk.
605 1098 827 1175 Josephus
852 1094 1321 1173 63, D. See Noldius.
611 1146 2090 1225 Journals, &c. 23, F. Housse of Representatives of
830 1201 2076 1273 the Commonwealth of Pennsilvania. Beginning Nov.
828 1253 2077 1332 28th. 1776, and ending Oct. 2d. 1781. With the Pro¬
821 1315 2083 1386 ceedings of the several Committee and Conventions,
821 1363 2076 1426 before and at the commencement of the American Re¬
825 1417 1736 1480 volution. Vol. I. Philadelphia, 1782.
799 1470 2089 1541 112, 0. Journals of the House of ‘Representatives of the
825 1530 2087 1594 Commonwealth of Pennsilvania, from Dec. 6, 1803, to
821 1579 2085 1653 April 1, 1823, (14th. to 33d. House inclusive.) 21 vols.
825 1629 1745 1694 Lancaster and Harrisburg, 1803–1823.
799 1681 2089 1756 113, 0. Journals of the Senate of the Commonwealth of
828 1736 2077 1801 Penosylvania, from Dec. 4, 1804, to April 1, 1823. (vols.
828 1788 2094 1863 XV. to XXXIII. inclusive.) 21 vols. Lucaster and
828 1843 1399 1924 Harrisburg, 1804—1823.
803 1895 1863 1963 of Congress, 24, O. See Congress, Journals of
810 1958 1873 2028 of the Senate of the U. S. 27, O. See Congress.
810 1998 2087 2079 of the House of ‘Representatives of’ the United States,
830 2053 1336 2137 26, O. See Congress.
618 2094 1303 2170 Jurin, 254, O. See Varenius.
622 2157 2096 2240 Kæmpfer, 85, F. The history of Japan; giving an Account of the
830 2229 2092 2284 Antient and present State and Government of that Em-
839 2279 2087 2339 pire, of its Temples, Castles, &c.; of its Metals, Mine¬
830 2321 2085 2384 rals, Trees, Plants, Animals, &c.&c. Together with
834 2373 2090 2428 a Description of the Kingdom of Siam. Written in
830 2426 2094 2487 High Dutch by Engelbertus Käempfer, M. D. &c. and
838 2480 2085 2542 translated from his Original Ms. by J. G. Scheuchzer,
839 2529 2087 2590 F. R. S., &c. With the Life of the Author and an In-
839 2590 2087 2655 troduction. Also, Part of a Journal of a Voyage to Japan,
839 2637 2092 2707 made by the English in 1673. Illustrate with many
839 2696 1742 2771 copperplates. 2 vols. London, 1728.
631 2731 1530 2839 Keatinge, 37, Q. See Diaz del Castillo.
