2479 3508
777 223 1681 339 HISTORY, BIOGRAPHY, AND GEOGRateY.
500 325 1965 424 Kennet, 31, F, A complete history of England: with the Lives
712 410 1969 474 of all the Kings and Queens thereof; from the Earliest
707 458 1965 518 Account of Time, to the Death of his late Majesty King
723 518 1963 587 William III. Containing a faithful Relation of all Af-
707 563 1963 642 fairs of State, Ecclesiastical and Civil, &c. Lc. By
708 620 1970 686 Milton, Daniel, Habington, Moore, Buck, LordBacon,
718 679 1970 747 Lord Herbert, Haywood, Francis, Bishop of Hereford,
712 732 1937 797 Cambden, Wilson, and Kennet. With notes, &c.-
712 788 1258 858 3 vols. London, 1719.
500 815 1965 902 Laet, de, 102, F. Novis Orbus, seu Descriptiones Indiae Occiden¬
718 895 1965 956 talis Libri XVIII. Authori Joanne de Laet, Antverp.
712 943 1965 1006 Novis Tabulis Geographicis et variis Animantium, Plan¬
712 998 1970 1083 tarum, Fructuumque Iconibus illustrati. Lugduni Ba¬
712 1046 1454 1131 tavorum, apud Elzevirios, 1633.
504 1098 1454 1194 La Vigne, Andre de, 45, F. See Jaligny.
496 1162 1242 1221 Lediard, 229, O. See Terasson.
506 1212 1315 1282 Leunclavius, 299, O. See Zosimus.
506 1268 1266 1325 Levis XIV. 10, D. See Voltaire.
500 1303 1980 1382 Linda, de, 283, O. Lucae de Linda Descriptio Orbis et omnium
718 1375 1919 1428 ejus Rerumpublicarum. Lugduni Batavorum, 1655.
506 1419 1980 1489 Livius, 126, O. The Roman tistory, by Titus Livius; with the
721 1480 1974 1544 entire Supplement of John Freinsheim; translated into
712 1533 1974 1611 English, and lllustratea with geographical and chrono¬
718 1579 1974 1673 logical notes. Vols. II, III, IV, V, VI. London, 1745.
500 1629 1168 1710 Lockman, 46, F. See Bayle.
506 1692 753 1777 Lonicerus.
779 1666 1978 1764 309, O. Historia Turcica, in qua Turcorum Origo,
718 1749 1972 1808 Principes, Imperatores, Bella, &c. &e. exponuntur. Ac¬
718 1791 1980 1875 cessere, Narratio de Baiazethis filiorum seditionibus;
727 1851 1980 1921 Turcicarum rerum epitome, quomodo captivi Christiani
721 1908 1974 1969 distrahantur, &c. dc. 2c. Omnia collecta, Sermoneque
718 1958 1970 2015 Latina exposita, a D. Philippo Lonicero. Tom. 2 in 1.
721 2009 1148 2089 Francofurti, 1584.
511 2052 1958 2137 Louisiana, 53—9, O. An Account of Louisiana. Philad. 1803.
511 2122 1969 2179 Ludlow, 116, F. Memoirs of Edmund Ludlow, Esq. Lieut. Gen.
723 2173 1969 2238 of Horse, Commander in Chief of the Forces in Ireland,
723 2227 1972 2299 Member of the Parliament which begun on November 3,
731 2277 1980 2339 1640,&c. With a collection of original Papers, serving to
723 2336 1978 2402 confirm and illustrate many important Passages con-
723 2389 1976 2452 tained in the Memoirs. Also, the Case of King Charles
729 2437 1319 2506 the First. London, 1751.
511 2467 742 2577 Macaulay
766 2480 1974 2563 14, Q. The history of England from the Accession of
729 2507 1980 2614 James I. to that of the Brunswick Line. By Catharine
727 2598 1550 2670 Macaulay. 2 vols. London, 1763.
697 2642 1983 2721 118, O. The history of England from the Accession of
721 2708 1978 2775 James I. to the Election of the House of Hanover. By
731 2758 1965 2851 Catharine Macaulay. Vols. II, III, IV. London, 1769
509 2786 1255 2904 Maffei, 219, O. See Rawlinson.
