2479 3508
876 214 1801 336 MORAL PHILOSOPHY AND JURISPRUDANCE.
599 243 690 328 72
599 330 2059 422 Register, Annual, 28, O. The Annual Register, (Dodsley’s)
818 396 2060 480 or, a View of the history,oritics, and Literature,
810 458 2059 522 for the years 1758 to 1794, inclusive. 37 vols. (vols.
814 509 2066 568 11. 17. 23. 25. 27, 28, 29. 33, 34, wanting.) Lon¬
808 557 1230 637 don, 1768—1799.
777 617 2059 683 New Annual, 29, O. The New Annual Register, or,
808 679 2059 737 general Repository of tistory, Politics, and Literature,
810 725 2059 788 for the years 1795 to 1801, inclusive. 7 vols. Lond.
816 770 1108 845 1796—1802.
785 810 2073 898 Imerican, 39, O. The America Register, or General
814 883 2064 947 Repository of tistory, Politics, and science, for 1810.
819 936 1529 993 Vol. VII. Philadelphia, 1811.
1142 973 2064 1053 The history of Scotland during the
597 986 1121 1064 Robertson, 117, O.
814 1042 2064 1100 Reigns of Queen Mary and of King James VI. till his
814 1100 2066 1157 occession to the Crown of England. With a Review of
810 1141 2055 1217 the Scottish history previous to that period. An Ap¬
819 1195 2017 1270 pendix, &c. &c. By William Robertson, D. D. & c.
808 1257 2011 1329 2 vols. London, 1761. (Presented by David Hall.)
597 1307 2055 1382 lollin, 13, D. The Ancient History of the Egyptians, Cartha-
816 1372 2064 1431 ginians, Assyrians, Babylonians, Medes and Persians,
816 1416 2060 1482 Macedonians and Grecians. By Mr. Rollin. 10 vols.
825 1467 1854 1531 (vols. 1, 2, and 7 wanting.) Edinburg, 1758.
785 1511 2073 1595 187, O. The Roman History from the Fundation of
810 1575 2060 1644 Rome to the Battle of Actium; that is, to the End of the
810 1632 2064 1697 commonwealth. By Mr. Rollin. Translated from the
816 1683 2060 1752 French. Maplats and plates. 16 vols. (Vol. I. wanting.)
810 1736 1164 1803 London, 1754.
597 1774 1237 1862 Rouille, 41, F. See Catrou.
602 1836 1141 1914 Sale, 46, F. See Bayle.
604 1885 1305 1960 Salianus, 63, D. See Noldius.
608 1934 2035 2009 Sampson, &c. 51—7, O.ʒampson against the Philistines,, &c.—
816 1998 1245 2077 Philadelphia, 1805.
599 2024 2066 2124 Sauage, 190, O. A compleat history of Germany, comprehend¬
808 2106 2059 2170 ing the Lives and Reigns of all the Emperors from its
808 2157 2059 2226 origin to this Time. By Mr. Savage. With many Por-
816 2210 1343 2296 traits. London, 1702.
608 2263 1321 2343 Sayer, 221, O. See Puffendorf.
608 2296 2066 2380 Scaligerus, 62, F. Josephi Sealigeri Jull Caesaris F. Opus de
816 2371 2059 2431 Emendatione Temporum. Addita veterum Graecorum
814 2425 2055 2511 Pragmenta Zelecta, &c. Cum Notis ejusdem Scaligeri.
814 2475 1433 2557 Coloniae Allobrogum, 1629.
604 2529 1374 2592 Scheuchzer, 85, F. See Kæmpfer.
606 2575 2060 2672 Secret Journals of Congress, 25, O. See Congress, Secret Jour-
814 2641 984 2714 nals of.
608 2672 2062 2765 Selden, 7, Q. An historical and Political Discourse of the Laws
816 2748 2055 2810 and Government of England, from the First times to
816 2794 2060 2871 the End of the Reign of Queen Elizabeth. With a Vin¬
