2479 3508
1297 285 1393 368 76
1047 678 1645 805 MEDICAL SCIANCES.
619 840 2084 946 irdical and Philosophical Register, 36, O. The Ame¬
834 928 2087 1000 friean medical and Philosophical Register: or Annals of
829 983 2087 1038 Medicine, Natural tistory, Agriculture, and the Arts.
829 1042 2087 1108 2 vols. New York, 1811—1812. (Presented by Dr.
834 1082 1036 1163 Hosack.
614 1115 2087 1204 Banton, 74, O. A Greatise containing a Plan for the internal Or¬
840 1189 2087 1255 ganization and Government of Marine Hospitals in the
836 1246 2078 1317 Dnited States: together with a scheme for amending
831 1299 2084 1367 and systematizing the MedicaI Department of the Navy.
829 1351 2060 1413 By W. P. C. Barton, M. D. &c. Philadelphia, 1814.
808 1400 1279 1479 73, O. See Gregory.
843 1420 2087 1544 O. A System of Surgery, by Benjamin Bell. Vol. I.
619 1453 821 1529 Bell, 81
840 1507 1215 1586 Edinburg, 1783.
628 1525 2091 1637 Bellinus, 108, Q. Laurentii Bellini Opuscula aliquot; in quibus
836 1611 2087 1685 praecipue agitur, de Motu Cordis in et extra Uterum,
840 1676 2078 1740 ovo, ovi aere et respiratione. De Motu Bilis et Liqui¬
831 1720 2091 1784 dorum omnium per corpora animalium. De Fermentis
840 1773 2091 1856 et Glandulis, &c. Cum figuris. Lugduni Batavorum,
836 1828 974 1898 1714.
616 1854 2087 1951 Boerhave, 180, O. Dr. Boerhaave’s Academical Lectures on the
845 1931 2093 1996 Theory of Physic. Being a genuine Translation of his
845 1988 2078 2052 Institates and etcplanatory Comment, Lc. &c. 6 vols.
853 2040 1251 2113 (Vol. I. wanting.)
1277 2041 1626 2106 London, 1743.
808 2091 2087 2155 206, O. Boerhaave’s medical Correspondence; contain¬
836 2157 2084 2222 ing the various Symptoms of Chronical Distemper: the
843 2201 2056 2260 Professor’s opinion, method of Curé, and Remedies.—
849 2251 2087 2324 With his Prectice in the Hospital at Leyden, &c. &c.
843 2304 1183 2372 London, 1745.
816 2359 2091 2429 277, O. A Method of Studying Physick. Written in
836 2409 2093 2486 Latin by Hermann Boerhaave, translated into English
840 2460 1600 2549 by Mr. Samber. London, 1719.
814 2516 1365 2593 5, D. See Van Swieten.
820 2563 1106 2639 154, O. See
634 2617 1035 2708 Burnet, 131, Q.
1055 2609 2087 2692 Thesaurus Medicinae Practicae, ex praestant.
849 2675 2082 2745 tum vet. tum recent. Medicorum Observationibus, Con¬
843 2729 2082 2799 sultationibus, Consiliis et Epistolis collectus, &c &c.
853 2786 2087 2857 Studio et Opera Thomae Burnet, Scoto Britanni, M. D.,
845 2839 1317 2925 &c. Londini, 1673.
