2479 3508
1135 268 1594 376 MEDICAL SCIANCES.
623 279 710 378 78
853 363 2089 479 M. D. Plates. Vol. I. Philad. 1824. [Presented
842 438 1192 523 by the Author.
640 462 2090 583 Gregory, 73, O. A Dissertation on the Influence of a Change of
849 552 2090 627 Climate in during Diseases, by Professor Gregory, of
844 601 2085 673 Edandurgh. Translated from the Latin, with notes,
844 658 1825 746 by W. P. C. Barton, M. D. Philad. 1815.
644 675 1238 787 Greive, 71, O. See Celsus.
631 730 2087 840 Hafenrefferus, 331. O. Officina Jatrica, continens Pharmaca se¬
844 820 2089 888 lecta Hippocratico-Galenica, et Hermetica Paracelsica,
853 871 2094 944 juxta Morborum Seriem, causarumque Indicem disposita
840 932 2085 999 et condita per Samuelem Hafenrefferum, Phil. et Med.
840 974 1397 1051 Prof. &c. Ulmae, 1653.
625 988 2087 1109 Haller, 140—10, O. Pathological Observations, chiefly from Dis¬
836 1080 2087 1157 sections of Morbid Bodies. By Dr. Albert Haller.—
840 1135 1181 1207 London, 1756.
627 1150 2094 1267 Hare, 10, 0. A Viev of the structure, Functions, and Disorders
840 1240 2090 1306 of the St Mrnach and Alimentary Organe of the human
845 1300 2098 1361 Body, with Physiological Observations and Remarks
838 1350 2094 1417 upon the qualities and effects of Food and bernented
836 1403 2094 1480 Liquors; by Thomas Hare, F. L. S. &c. Plato. Lon¬
836 1454 1744 1531 don, 1821. [Presented by the Author.
627 1504 2101 1575 Hippocrates, 361, O. Aphorismi Hippocratis, Graece et Latine;
844 1559 2098 1632 juxta optimam editionem Theodori Janssoni ab Almelo-
845 1608 1825 1687 veen, M. D. Anno 1685. Edinburgi, 1736.
631 1652 2096 1746 Holland, 140—1, O. An Inaugural Dissertation on Apoplexy, by
849 1716 1825 1782 N. L. Holland. A. B. Philadelphia, 1815.
636 1766 1335 1856 Horstius, 51. F. See Riverius.
631 1786 2096 1903 Jenty, 249, O. A course of Anatomico-Physiological Lectures on
840 1878 2103 1946 the human structure and animal Œconomy; with
844 1931 2085 2001 Motes, &c. & c. &.c. and Essays on Injecting, Dissecting,
845 1979 2059 2050 &c. 3 vols. By Charles Nicholas Jenty, M. A.
853 2032 1630 2114 [Vol I. wanting.] London, 1757.
634 2061 2085 2166 Lettsom, 18, Q. The Natural tistory of the Tea Tree, with ob¬
845 2144 2085 2210 servations on theocdical Qualities of Tea, and on the
1458 2204 2094 2267 By John Coakley Lettsom,
845 2191 1423 2268 Effects of tea-drmaking.
849 2248 1801 2318 M. D. Coloured Plato. London, 1799.
636 2270 2092 2388 Morgan, 203, 0. De Puopoiesi, sive Teutamen Medicum Inau¬
849 2356 2087 2441 garale de Puris Confectione. Auctore Johanne Morgan,
844 2408 1529 2490 A. M. &c. Edinburgi. 1763.
814 2426 2090 2531 264, O. A Discourse upon the Institution ofocdical
853 2516 2089 2584 Schools in America, delivered at a Commencement May
844 2565 2079 2622 30, and 31, 1765. With a Preface, &c.&c. Lc. B.
849 2620 2085 2708 John Morgan, M. D., F. R. S. &c. Philadelphia, 1765.
636 2664 1372 2747 Plantius, 291, O. See Fernelius.
644 2730 871 2815 Price, 140
897 2692 2090 2802 —7, O. Inaugural Dissertation on the Magnolia Glauca,
853 2784 1918 2868 &c. &c. By T. D. Prince. Philadelphia, 1802.
