2479 3508
771 289 1948 369 MISCELLANEOUS wordS AND VOLYGRAPHIC AUTHORS.
631 284 717 360 90
844 380 2084 471 by M. Vaillant. Translated from the French by John
840 457 1568 533 Henley, M. A. London, 1723.
646 493 2090 567 Virgil, 36, D. The Works of Virgil: translated into English
846 560 2090 627 blank verse, with etcplanatory Notes and.Critical Ob¬
851 613 2097 687 servations. By Joseph Trapp, D. D. Vols. I. and
846 664 1317 731 III. London, 1731.
640 718 1299 777 Voltaire, 236, O. See Bailly.
640 771 2090 835 Voyages and Travels, &c. 25, Q. A New General collection of
851 824 2081 895 Voyages and Travels; consisting of the most Esteemed
846 880 2081 948 Relations, which have been hitherto published in any
846 931 2090 993 Language: comprehending every thing remarkable in
846 978 2081 1069 its kind, in Europe, Asia, Africa, and America, &c. &e.
846 1037 1813 1100 Maps and Plates. 4 vols. London, 1745.
627 1055 2090 1173 Washington, 51—1, O. Washington on Husbandry. Alexan¬
840 1139 1106 1217 dria, 1803.
627 1179 2081 1266 Xenophon, 192, O. Cyropædia; or, the Institutions of Cyrus. By
837 1246 2081 1320 Xenophon. Translated from the Greek by the Hon.
837 1304 1926 1368 Maurice déhley, Esq. 2 vols. London, 1728.
