2479 3508
768 299 1803 422 THEOLOGY AND ECCLESIASTICAL HISTORY, &c.
750 405 2008 517 tenth, eleventh, twelfth, fourteenth and fifteenth Re¬
748 504 2004 585 ports of the British and Foreign Bible Society, with Ap-
754 548 1682 627 pendices, &c.&c. London, 1807—1819.
539 576 2001 684 Biblia, 55, D. Sacra Biblia cum augusto apparatu suo, scil.
748 660 2004 735 Chronol. Theol. Histor. et Geographico in angustum
745 711 1427 785 contracta. Bambergæ, 1697.
715 722 2008 840 75, F. Divinae Scripturae, Veteris ac Novi Testamenti,
750 816 2013 897 omnia, Graecè. Curâ Philippi Melanchthon. Basileae,
750 871 882 950 1545
706 882 2010 999 78, Q. Testamenti Veteris et Novi Biblia Sacra ex Hebraeo
743 979 2006 1045 et Græco Latina facta. Altera Tralatio Vetas est, Al¬
743 1027 2010 1102 tera Nova cum adnotationibus Francisci Vatabli, prout
745 1089 2010 1166 utramq; Regio privilegio ornatam Rob. Stephanus anno
748 1135 1942 1216 ̃ MDXLV. Lutetiae edidit, &c.&c. Hanoviae, 1605.
691 1186 2001 1267 - 81, F. Biblia Sacra, Latinè. Curâ And. Osiandri, S. T.
745 1240 1377 1313 D. &c. Francofurti, 1611.
532 1251 774 1364 Birch, 30,
796 1293 1197 1368 Q. See Cudworth
796 1307 2008 1419 169, O. The sacred Iassics defended and illustrated;
535 1348 768 1427 Blackwall
748 1401 2002 1467 or, an Essay humbly offered towards proving the Purity,
748 1454 2008 1515 Propriety and True Eloquence of the Winters of the
748 1507 2008 1564 New Testament. By A. Blackwall, A. M. 2 vols.
748 1561 1087 1638 London, 1727.
526 1572 2001 1687 Bœttinger, 144—2, Q. Dissertationes ex universæ Theologiæ qua¬
743 1665 1339 1744 driennaliiscadio, &c. 2c.
1386 1658 2001 1755 Auct. G. C. E. Böttinger.
745 1715 1150 1792 Bambergæ, 1706.
721 1737 1383 1843 146—5, Q. The same Work.
524 1815 726 1894 Bos, 36,
754 1821 1377 1900 Q. See Vetus Testamentum.
530 1834 1995 1949 Bray, 115—2, F. Discourses on the Covenant of Grace, &c. being
743 1936 1999 1988 Catechetical Lectures on thetsminary questions and
735 1988 1993 2052 Answers of the Church Cidenhism. — Three Catechetical
735 2039 1995 2103 Lectures on faith and Justification. By Thomas Bray,
739 2089 1263 2160 D. D. London, 1699.
524 2103 1993 2219 Burnet, 108, F. The history of the Reformation of the Church of
737 2197 1995 2270 England. By Gilbert Burnet. 3 vols. Dublin, 1730
774 2250 930 2323 1733.
530 2259 1995 2380 Bynaeus, 132, Q. Antonii Bynaei de Morte Jesu Christi. Cum
735 2356 1825 2413 figuris. Tom. 3. Amstelædami, 1691—1698.
530 2406 1995 2477 Calmet, 25, F. Dictionnaire historique, critique, chronologique,
739 2470 1993 2536 geographique et litteral de la Bible, enrichi d'un grand
734 2520 1993 2584 nombre de figures en taille douce qui représentent les
735 2571 1993 2624 Antiquitez Judaïques. Avec le Supplement. Par le
735 2622 1993 2694 R. P. Dom Augustin Calmet. 4 tom. A Paris, 1722
737 2668 924 2745 —1728.
524 2690 1984 2800 Campbell, 27, Q. The Four Gospels translated from the Greek.
745 2784 1984 2853 Withόreliminary Dissertations, and Notesontical and
734 2839 1792 2916 explanatory. By George Campbell, D. D. &c
1832 2835 1986 2919 Phila-
735 2888 1060 2976 delphia, 1790.
