2479 3508
718 322 1751 435 THEOLOGY AND ECCLESIASTICAL HISTORY, &c.
705 401 1965 499 Cum Notis integris aliorum virorum doctorum, qui in
713 499 1965 560 singulos Patres memoratos scripserunt; item, Guilielmi
713 551 1959 615 Beveregii Codex Canonum primitivae Ecclesiae vindica¬
705 613 1970 670 tus, Jacobi Usserii Dissertationes Ignatianae, et Joan.
705 663 1968 727 Pearsonii Vindiciae Epistolarum S. Ignatii. Recensuit
705 718 1965 783 et Notas aliquot adspersit Joannes Clericus. 2 tom.
714 762 1119 841 Antverpiæ, 1700.
506 810 1970 899 Cowherd, 21, Q. Facts authentic, in science and Religion: de¬
714 880 1968 946 signed to illustrate a New Translation of the Bible. By
714 932 1968 996 the Rev. William Cowherd. 2 vols. Manchester, 1818
724 980 1716 1050 —1820. [Presented by John T. Freeland.]
497 1020 1979 1096 Crawford, 1, D. An Essay on the Propagation of the Gospel; in
713 1086 1974 1162 which there are numerous facts and argument adduced
714 1142 1976 1206 to prove that the Indians in America areennended from
709 1184 1968 1263 the Ten Tribes. By Charles Crawford, Esq. Phila¬
709 1245 1714 1313 delphia, 1801. [Presented by the Author.]
499 1283 1169 1363 Crutwell, 49, F. See Wilson.
505 1315 1981 1414 Cudworth, 30, Q. The True Intellectual System of the universe:
729 1407 1981 1467 Wherein all thekeason and Philosophy of Atheism is
713 1458 1981 1517 confuted, and its Impossibliity demonstrated. With a
713 1514 1974 1571 Discourse concerning the true Notion of the Lord’s
713 1552 1978 1624 Supper; and Two Sermons on John ii. 3, 4, and I. Cor.
714 1622 1983 1679 xv. 57. By Ralph Cudworth, D. D. With an account
713 1661 1965 1738 of his Life,üwritings, &c. &e. by Thomas Birch, M. A.
714 1718 1602 1795 and F. R. S. 2 vols. London, 1743.
503 1780 1633 1849 Cyrilus S. contra Julianum, 51, F. See Julianus.
503 1823 1363 1900 Davidici Psalmi, 32, D. See Jonston.
503 1871 1983 1954 De-Rossi, 4, Q. Variæ Lectiones Veteris Testamenti ex immensa
714 1935 1974 2003 MSS. Editorumque Codicum Congerie haustae et ad Sa¬
714 1996 1974 2062 mar. Textum, ad Vetustiss. Versiones, ad Accura¬
713 2040 1981 2110 tiores sacrae Criticae Fontes ac Leges examinatae opera
713 2097 1972 2171 ac studio Johannis Bern. De-Rossi, S. T. D. &c. Volu¬
722 2147 1687 2210 mina II, III et IV. Parmæ, 1785—1789.
508 2204 1374 2272 Desaguliers, 159, O. See Nieuwentyt.
512 2235 1974 2316 Disciplina, 146—2, Q. Cum Deo Nexum, quem disciplinae philo¬
718 2309 1972 2377 sophicae inter se habent, arctissimun, &c. &o. &e. Sip¬
724 2364 967 2427 siæ, 1715.
512 2401 1974 2488 Doddridge, 65, Q. A course of Lectures on the Principal Sub-
729 2471 1979 2537 jects in Pneumatology, Ethics and Divinity: with refer¬
722 2521 1972 2594 ences to the most considerable author's on each Subject.
727 2576 1744 2635 By Philip Doddridge, D. D. London, 1763.
508 2622 1979 2692 Erasmus, 256, O. Des. Erasmi Rotterodami Ecclesiastes, sive Con¬
724 2685 1974 2767 cionator Evangelicus. Cum Dissertatione praeliminari,
727 2734 1199 2802 &c. Londini, 1730.
503 2769 1968 2843 Flacius, 86, F. Clavis Scripturæ Sacræ, hoc est," de Sermone Sa¬
722 2841 1974 2911 crarum Literarum recte cognoscendo. Auctore Matthia
727 2898 1968 2975 Flicio Illyrico. Curâ Theodori Suiceri. Lipsiae, 1695.
