2479 3508
704 248 1740 377 THEOLOGY AND ECCLESIASTICAL HISTORY, &c.
700 382 1950 459 D. D. Whereunto is added, the Reasonableness of Chris¬
696 441 1920 503 tian Religion. By the same Author. London, 1662.
478 494 1948 575 Hare, 176, O. Psalmorum Liber, in Versiculos metrice divisus,
700 559 1953 627 &c. &c. Cum Dissertatione de antiqua Hebraeorum
704 608 1951 665 Poesi, &c. Accedunt Poescos Hebraicae Specimina, &e.
704 660 1953 728 Edidit Franciscus Hare, S. T. P. Episc. Cicestr. He¬
711 718 1720 781 braicè et Latinè. Tom. 2. Londini, 1736.
485 748 1944 849 Larold, 50—4, O. A Letter to the Rev. W. V. Harold on reading
696 821 1953 884 his late Reply to a“Catholic layman.” By an admirer
704 876 1442 943 of Fenelon. Philadelphia, 1822.
491 908 1959 1022 Hartman, 144—4, Q. Allegata et Probata Philosophiae Christianae,
704 987 1917 1051 &c. &c. Auct. P. C. Hartman. Duderstadii, 1690.
491 1035 1953 1102 Haven, 103, Q. Petri V. Haven M. Ph. Commentatio analytica
704 1091 1951 1161 in Epistolam Pauli ad Titum; cum Praefatione Sig. J.
696 1143 1687 1202 Baumgarten. Halæ Magdeburgicæ, 1742.
485 1200 1957 1268 Heckel, 120—4, Q. De Patriarchis Commentatio historico-critico¬
704 1244 1948 1323 canonia, &c. Auct. P.P. Heckel et P. S. Schlicker.
700 1297 1106 1373 Bambergæ, 1792.
480 1327 1953 1424 Heinaichen, 110—4, Q. Concordia Uulgatae Latinæ cum Fonte
1792 1404 1953 1496 Wirce-
702 1409 1735 1474 Hebraico, &c. &c Auct. F. E. Heinaichen.
704 1464 990 1540 burgi, 1756.
485 1503 1202 1584 Hermas, 35, F. See Cotelerius:
729 1551 1959 1635 110—3, Q. Unio Religionis Protestanticae cum Catho¬
485 1571 709 1654 Hermann
696 1588 1953 1694 lica, &c. &c Auct. F. G. Hermann. Augustae Vin-
700 1676 882 1738 del. 177
485 1724 1957 1797 Herring, 96, O. Seven Sermons on Public Occasions. By the
695 1773 1953 1867 most Rev. Dr. Thomas Herring, late Archbishop of Can¬
706 1832 1356 1900 terbury, &c. Dublin, 1763.
489 1874 1957 1962 Hervey, 12, D. Theron and Aspasio: or, a series of Dialogues and
700 1944 1950 2018 Letters, upon the most important and interesting Sub-
700 1992 1948 2064 jects. By James Hervey, A. M. &c. 3 vols. Lon¬
695 2043 1920 2113 don, 1755. [Presented by the Rev. Thomas Barton.
485 2104 1948 2166 Hildebrandus, 133, Q. B. D. Joach. Hildebrandi Historia Concilio¬
691 2157 1944 2222 rum a N. C. usq; ad Seculi XVII. annum XLV. in Ec¬
700 2211 1944 2290 clesia habitorum, Anno Christi MDCL. in illustri Aca¬
695 2262 1825 2319 demia Julia exposita, &c. &e. Helmstadii, 1715.
481 2299 1959 2380 Histoire Ecclesiastique, 317, O. Histoire Ecclésiastique des Eglises
695 2370 1942 2435 Reformées au Royaume de France en laquelle est des¬
695 2418 1951 2482 crite au vray la renaissance et accroissement d'icelles
693 2479 1951 2538 depuis l'an sortXI. jusques en l'année MDLXIII. leur
700 2532 1953 2602 discipline, Synodes, persecutions, &c. &c, &e. avec le
696 2578 1944 2648 discours des premiers troubles ou guerres civiles, des¬
700 2639 1957 2707 quelles la vraye cause est aussi declarée. 3 tom. A
700 2688 1038 2756 Geneve, 1580.
481 2732 1942 2817 Hogan, 50—2, O. Strictures on a congress written by W. V.
1845 2787 1951 2874 By
700 2797 1819 2876 Harold entitled “A Reply to a Catholic layman.
715 2852 1567 2936 William Hogan. Philadelphia, 1822.
