2479 3508
830 260 1858 356 THEOLOGY AND ECCLESIASTICAL HISTORY, &c.
605 379 2060 453 Hooker, 59, F. The Works of that learned and judicious Divine,
828 442 2067 508 Mr. Richard Hooker, in eight books of Ecclesiastical
819 497 2063 561 Polity; with several other Treatises by the same author,
819 553 2063 610 and an Account of his Life and Death. London, 1676.
790 601 2073 676 227, O. A isthful Abridgment of the Works of that
823 658 2032 728 iuarned and judicious Divine, Mr. Richard Hooker.-
828 706 1545 773 With his Life. London, 1705.
612 760 2076 848 Huls, 296, O. Omnium Romanorum Pontificum Vitae, quas ipsis
823 814 2069 881 autorum pontificiorum verbis, multo labore et studio
819 870 2058 929 descripsit, Wilhelmus Huls, Eccl. Gall. Vesal. Minis¬
821 920 909 980 ter.
966 918 1301 986 Vesaliae, 1639.
610 951 1329 1032 Ignatius, 35, F. See Cotelerius.
610 1013 2067 1107 Jonstonus, 32, D. Arturi Jonstoni Psalmi Davidici, cum Argumen¬
828 1083 1481 1151 tis et Notis. Londini, 1741.
597 1129 2063 1202 Josephus, 76, F. Flavii Josephi Hierosolymitani Sacerdotis Opera
823 1187 2067 1255 quae extant omnia. Cum Indice, Prolegomenis et Ap¬
834 1241 1842 1310 pendice. Græcè et Latinè. Coloniae, 1691.
793 1286 1290 1360 202, O. See Whiston.
601 1330 2058 1417 Junius, 222, O. Sacrorum Parallelorum libri tres: id est, Compa¬
815 1400 2069 1461 ratio locorum Scripturae Sacrae, qui ex Testamento Ve¬
814 1442 2069 1508 tere in Novo adducuntur, etc. &c. Francisci Junii, Bi¬
819 1495 1369 1574 turigis. Parisiis, 1610.
601 1536 2074 1631 Keller, 122—6, Q. De Philosophiæ cum Theologia Concordia et
817 1609 1900 1684 Usu, &c. Auct. J. H. Keller. Coburgi, 1698.
608 1649 2063 1719 Kettlewell, 115—3, F. TheEdtical Believer; or, the Articles of
819 1715 2060 1772 theOpostles' Creed, drawn out to form a true Chris¬
812 1765 2063 1856 tian’sucart and Practice. By John Kettlewell. Lon¬
812 1818 1072 1886 don, 1703.
775 1832 2067 1937 213, O. An Help and Exhortation to Wothy Communi¬
814 1928 2063 2005 cating, Lc. &c. With suitable Devotions added By
814 1972 1822 2040 John Kettlewell, B. D. &c. London, 1737.
605 2010 828 2109 King, 84
848 2016 2060 2095 O. An Essay on the Origin of Evil; by Dr. William
819 2049 2067 2142 King, late Archbishop of Dublin. Translated from the
815 2137 2062 2199 Latin with large Notes. Also, Two Sermons by the
812 2192 2060 2269 same Author, on Divine Prescience and the Fall of Man.
815 2241 1915 2303 By Edmund Law, D. D. &c. Cambridge, 1758.
608 2287 2063 2357 Kunze, 314, O. Einige Gedichte und Lieder von Johann Chris¬
814 2353 2058 2437 toph Kunze, Ev. Luth. Pred. zu Philadelphia. Phila¬
815 2404 1785 2467 delphia, 1778. [Presented by the Author.
610 2452 2058 2531 Lactantius, 173, O. Lucii Coelii Lactantii Firmiani Opera quae ex¬
819 2514 2067 2573 tant. Cum selectis Variorum Commentariis, opera et
815 2566 1981 2624 studio Servatii Gallaei. Lugduni Batavorum, 1660.
771 2624 2058 2694 - 344, O. L. Coelii Lactantii Firmiani Opera, quae extant,
815 2670 2052 2732 omnia. Accedunt Carmina vulgo asscripta Lactantio.
819 2725 2058 2806 Cum Notis Antonii Thysii, J. C. &c. Lugduni Bata-
823 2773 1127 2835 vorum, 1652.
605 2813 2062 2919 Lectures, 103, O. Theological Lectures read in the public Hall
