2479 3508
805 273 1823 387 THEOLOGY AND ECCLESIASTICAL HISTORY, &c.
570 271 656 389 14
578 380 2034 490 Weyermann, 121—4, Q. Trauerrede auf den Herrn Karl Theodo¬
787 460 2037 524 rick, von und zu Guttenberg, &c. von G. F. Weyermann,
783 512 1581 576 den 14ten April. Bamberg, 1794.
745 534 2032 634 121—9, Q. Trauerrede auf Joseph den Zweiten den aller¬
783 638 2034 700 durchlauchtigsten Römischen Kayser, von G. F. Weyer¬
790 675 1881 743 mann, den 20ten April, 1790. Bamberg, 1760.
800 734 2035 809 202, O. Six Dissertations; on Josephus; Reply to Dr.
576 686 776 807 Whiston
787 779 1995 864 Sykes, on the Chronology of the Scriptures, &c. &c.,
792 833 1837 902 By William Whiston, M. A. London, 1734.
576 884 2034 954 Wideburgius, 117, Q. Mat fois Biblica septem speciminibus com¬
792 941 2032 1009 prehensa, exhibens explicationes locorum mathematico¬
778 1003 2032 1060 rum quae per Universam Scripturam V. et N. Testa¬
781 1043 2037 1122 menti occurrunt. Autore Jo. Bernhardo Wideburgio,
787 1091 1696 1161 Math. Prof. Jenensi, &c. Jenae, 1730.
572 1135 2043 1227 Wilson, 49, F. The Works of the Rt. Rev. Father in God, Thos.
790 1203 2035 1273 Wilson, D. D. fifty-eight years Lord Bishop of Sodor
781 1262 2037 1333 and Man. With his Life, by the Rev. C. Crutwell. 2
790 1311 1416 1384 vols. in 1. London, 1782.
568 1339 2034 1427 Winckellmann, 123—3, Q. Lob-und Trauer-Rede auf den Herrn
787 1414 2043 1482 Gallus, & c. &c. Von A. R. P. G. Windkellmann, den
787 1465 1555 1561 12ten Februar. Augspurg, 1728.
