2479 3508
989 288 1506 393 ANCIENT LITERATURE
504 382 1972 480 Dionysius, 290, O. Dionysii Geographia emendata et locupletata,
727 480 1974 535 additione Scil. Geographiæ Hodiernae, Graeco Carmine.
732 520 1969 592 pariter donatae: cum 16 tabulis geographicis. Ab. Edw.
742 574 1954 638 Wells, A. M. &c. Græce et Latine. Oxonii, 1704.
515 631 1530 701 Diphilus, 320, O. See Poetæ Minores Græci.
518 684 1297 745 Du-Gardus, 45, D. See Lucianus.
515 736 1365 817 Duportus, 209, O. See Theophrastus.
771 786 1980 856 289, O. Epicteti Stoici Philosophi Enchiridion: una
511 792 742 875 Epictetus,
723 849 1985 908 cum Cebetis Thebani Tabula. Quibus adjiciuntur Sim¬
731 902 1987 969 plicii Commentarius in Enchiridion Epicteti. Item, Ar¬
723 941 1989 1018 riani Commentariorum de Epicteti Disputationibus, libri
727 1000 1998 1065 IV. Omnia Hieronymo Wolfio Interprete. Graece et
736 1053 1303 1118 Latine. Londini, 1670.
515 1100 1199 1177 Erasmus, 87, F. See Plinius.
515 1162 1638 1236 Eratosthenes, 320, O. See Poetæ Minores Græci.
513 1210 1020 1288 Eriphus, 320, O. See
524 1273 1255 1338 Ernesti, 260, O. See wordphon.
515 1317 1539 1387 Eubulus, 320, O. See Poetae Minores Græei.
520 1373 1077 1443 Evenus, Par. 329, O. See
515 1419 1998 1500 Euripides, 268, O. Euripidis Tragoediae octodecim, Graecè. Ba¬
731 1482 1011 1553 sileae, 1537.
699 1526 1998 1618 183, O. Euripidis Hecuba, Orestes, et Phœnissæ, cum
727 1585 1993 1657 Scholiis antiquis; ac Versione, Notisque Johannis King,
732 1638 1987 1703 fere integris; curante Thoma Morell: qui Alcestin ad¬
738 1688 1996 1768 jecit, cum Scholiis quae extent, nova Verdione, et Notis
736 1753 1998 1817 perpetuis. Graece et Latine. Tom. 2. Londini, 1748.
699 1793 1989 1871 358, O. Euripidis Tragoediae duae, Medea et Alcestis;
732 1852 1967 1930 cum Interpretatione Latina Georgii Buchanani Scoti.—
736 1900 1574 1976 Græce et Latine. Edinburgi, 1722.
515 1934 1325 2022 Faber, Tan. 280 O. See Lucianus.
520 2018 1441 2076 Fabius Avus, 284, O. See quintilianus.
520 2057 1539 2133 Fannius, 335, O. See Poetae Latini Minores.
520 2114 1269 2199 Farnabius, 43, D. See Lucanus.
708 2172 1140 2240 50, D. See Seneca.
707 2221 1234 2293 286, O. See Materialis.
732 2275 1157 2345 269, O. See Plato.
524 2271 707 2345 Ficinus.
520 2332 1895 2402 Flavius Vopiscus, 252, O. See Historiæ Augustæ Scriptores.
721 2387 1989 2452 44, D. L. Julii Flori Rerum a Romanis gestarum libri
520 2387 699 2458 Florus,
736 2437 1998 2507 IV. A Johanne Stadio emendati. Seorsum excusus in
736 2500 1989 2559 eos Commentarius J. Stadii elaboratissimus. Cui acces¬
731 2546 1987 2618 serunt Chronologicae Cl. Salmasii exceptiones: una cum
742 2598 1987 2683 variis Lectionibus, &c.—Item, L. Ampelii Liber Memo¬
736 2651 1345 2710 rialis, &c. Oxoniae, 1669.
703 2672 1998 2766 251, O. L. Annaei Flori Epitome Rerum Romanarum cum
736 2758 1989 2815 Notis integris Cl. Salmasii, et selectis Variorum. Ac¬
736 2814 1989 2876 cedunt Jo. Georgii Graevii Annotationes; nec non Nu¬
738 2862 1991 2943 mismata et antiqua Monumenta, cum Variantibus Lec-
