2479 3508
983 307 1486 418 ANCIENT LITERATURE.
703 387 1963 503 Joannis Freinshemii Supplementis, Tabulis Geographi¬
713 482 1959 554 cis, &c. Recensuit et Notulis auxit Joannes Clericus.
727 539 1456 600 Tom. 10. Amstelædami, 1710.
506 593 1968 663 Livius, 197, O. T. Livii Patavini Historiarum ab Urbe condita
724 646 1105 713 Libri. Tom. 2.
503 702 1963 764 Longinus, 137, O. Dionysii Longini de Sublimitate Commenta¬
722 755 1965 819 rius. Cum Verdione et Notis Zachariae Pearce, A. M.
722 805 1963 871 &c. Accessit Fr. Porti Cretensis in Longinum Com-
713 858 1968 937 mentarius integer. Græce et Latine. Amstelædami,
727 915 860 980 1733.
512 963 1974 1040 Lucanus, 43, D. M. Annaeus Lucanus de Bello Civili: cum Hu¬
718 1026 1965 1094 gonis Grotii, Fernabii Notis integris, et Variorum selec¬
727 1075 1974 1140 tissimis; accurante Cornelio Schrevelio.—Item, Petronii
722 1123 1974 1189 Arbitri specimen Belli Civilis,—Item, Supplementum
724 1178 1983 1252 Lucani Libri septem. Author Thoma Maio, Anglo,
718 1234 1311 1304 &c. &c. Lugduni, 1670.
690 1293 1974 1355 127, F. M. Annei Lucani Pharsalia, cum duobus com¬
718 1340 1974 1405 mentis Joannis Sulpitii Verulani et Omniboni Vicentini,
727 1394 1305 1466 &c. &c. Venetiis, 1505
689 1447 1600 1515 297, O. See Opuscula Mythologica, &c.
506 1495 1983 1563 Lucianus, 280, O. Luciani Samosatensis Opera. Ex Versione
724 1554 1974 1617 Joannis Benedicti. Cum Notis integris Bourdelotii,
729 1606 1974 1672 Palmerii Tan. Fabri, Menagii, Guieti, Graevii, Grono¬
724 1661 1983 1720 vii, Barlaei, Tollii, et selectis aliorum. Accedunt in¬
722 1722 1983 1779 edita Scholia in Lucianum, ex Bibliotheca Isaaci Vossii.
722 1768 1873 1836 Græce et Latine. Tom. 2. Amstelodami, 1687.
696 1821 1983 1889 45, D. Luciani Samosatensis Dalogorumölktorum li¬
724 1865 1978 1937 bri duo, a Gulielmo Du-gardo recogniti, &c. Graece
727 1922 1363 1994 et Latine. Londini, 1737.
705 1974 1200 2051 360, O. See Æsopus.
517 1990 1983 2121 Lucian, 24, D. The Oiect Dialogues of Lucian, in Greek. With
729 2086 1979 2156 a new literal Translation in Latin, and Notes in Eng¬
736 2140 1876 2208 lish. By Edward Murphy, M. A. Dublin, 1785.
527 2189 1979 2267 Lucretius, 88, Q. T. Lucretii Cari de Rerum Natura, libri VI.
736 2246 1981 2325 a Dion. Lambino, Monstroliensi ex auctoritate quinque
736 2298 1981 2366 Codd. MSS. emendati, et commentariis illustrati, &c.
736 2357 1978 2443 &c. &c. Cum Sea Lucretii, eodem Lambino auctore.
736 2399 1084 2482 Lutetiae, 1570.
527 2425 1458 2537 Uachaneus, 156, O. See Jurelius Victor.
532 2508 1177 2574 Maius, 43, D. See Lucanus.
532 2559 1189 2629 Manutius, 38, Q. See Cicero.
530 2591 1571 2683 Marcellus, 335, O. See Poetae Latini Minores.
527 2670 1560 2731 Martialis, 71, Q. See Scriptores Rei Rusticæ.
711 2694 1989 2793 286, O. M. Valerii Materialis Epigrammata, cum Notis
746 2782 1989 2852 Farnabii et Variorum. Accurante Cornelio Schrevelio.
742 2824 1366 2909 Lugduni Batavorum, 1661.
530 2865 1285 2977 Masvicius, 51, Q. See Virgilius.
