2479 3508
902 300 1810 408 PHYSICAL AND MATHEMATICAL SCIANCES.
836 397 2075 479 Motion of the lloon in her Orbit, are determined. By
844 479 2077 534 Thomas Simon, F. R. S. &c. Plates. Lond. 1757.
624 534 2081 608 SimLson, 86, Q. Mathematical Dissertations on a variety ot Phy¬
831 584 2055 661 sical andarelytical subjects. By Thomas Simpson.—
831 637 1186 706 London, 1743.
622 695 2084 759 Simson, R. 90, Q. Sectionum Conicarum libri quinque. Auctore
834 741 2086 802 Roberto Simson, M. D., &c. Cum figuris. Edin. 1760.
619 798 2090 855 Smith, 76—1, O. A Dissertation on the General Properties of
831 849 2088 915 Eclipses, and particularly that of 1748. By George
834 899 1497 979 Smith, Esq. London, 1748.
802 955 1285 1036 77, Q. See Cotesius.
805 1010 1246 1076 165, O. See Cotes.
617 1061 2081 1140 Starrat, 186, O. The doctrine of Projectiles demonstrated and
825 1120 2081 1182 applied to all the most useful troblems in Nautical
831 1171 2084 1246 Gunnery. With the Description of a New Mathemati¬
825 1232 2077 1310 cal Instrument, &c.&c. By William Starrat. Plates.
831 1277 1160 1349 Dublin, 1733.
617 1310 2084 1405 Stenglein, 120—7, Q. Specimen Praxeon Geometricarum Cam¬
840 1376 2061 1459 pestrium, &c. &c., &c, Auctore G. F. X. Stenglein.—
827 1437 1233 1512 Bambergæ, 1769.
617 1453 2081 1557 Stewart, 188, O. Propositiones Geometricae, more Veterum de¬
827 1546 2081 1603 monstratae, ad Geometriam Antiquam illustrandam et
825 1594 2077 1660 promovendam idoneae. Auctore Matthaeo Stewart, S. T.
831 1643 1426 1715 D. &c. Edinburgi, 1763.
796 1702 2081 1762 124, O. Tracts, physical and Mathematical. Containing
825 1753 2081 1823 an Cxplication of several important points in physical
827 1806 2079 1865 Astronomy; and a new method for ascertaining the Sun’s
827 1861 2075 1931 distance from the Earth, by the Theory of Gravity. By
834 1914 2053 1973 Dr. Matthew Stewart, Prof. Math. &c. Edinb. 1761.
619 1936 1312 2028 Street, 191, O. See Whiston.
624 2018 2072 2086 Sreete, 95, Q. Astronomia Carolina: a new theory of the Celes¬
1197 2075 2079 2137 With Cables, &c. &e. By Thomas
825 2070 1138 2143 tial Motions.
825 2126 2072 2209 Streete. Also, Lunar and Planetary Observations, &c.
825 2178 1162 2244 London, 1710.
613 2205 2066 2302 Switzer, 67, Q. Anintroduction to a General System of Hydros¬
831 2284 2066 2355 taticks and Hydraulicks, Philos:phical andeneal.
840 2337 2070 2401 Wherein the Methods of raising and conducting Water,
827 2390 2070 2460 &c. &c. are carefully laid down. With Descriptions
834 2443 2077 2514 of Engines, &c. & c. 60 Copperitates. By Stephen
827 2507 1733 2562 Switzer. 2 vols. in 1. London, 1729.
617 2533 2064 2628 Tacquet, 332, O. Andreae macquet Soc. Jesu Matheseos Prof.
831 2602 2046 2661 Arithmeticae Theoria et Praxis. Amstelodami. 1704.
617 2624 796 2732 Theses,
816 2654 2064 2721 Philosophical, 145—6, Q. Theses Philosophicae, selec¬
831 2710 2064 2780 tiores ex Physica jxperimentali et Mathesi, &c. Lc. 2xc.
829 2763 1133 2838 Fuldae, 1765.
617 2811 818 2891 Value, 9
836 2805 2066 2908 D. Arithmetic, theoretical and practical, Lc. &c. By
836 2869 1823 2961 Victor Value. Part I. Philadelphia, 1823.
