2479 3508
764 210 1679 330 PHYSICAL AND MATHEMATICAL SCIANCES.
499 306 1948 436 Vossius, 130, Q. Isaaci Vossii de Motu Marium et Ventorum Li¬
703 399 1314 487 ber. Hagæ-Comitis, 1663.
494 419 1941 536 Wales, 76—3, O. The Method of finding the Longitude at Sea,
707 503 1946 578 by Time-Keepers: With Tables of Equations, &c. &e.
709 560 1855 621 By William Wales, F. R. S. &c. London, 1800.
490 603 1950 680 Ward, 241, O. The Young Mathematician’s guide: being a
703 662 1945 744 plain and easy Introduction to the Mathematico. By
700 714 1914 795 John Ward. With a Supplement, &c. Lond. 1740.
490 758 1578 842 Wargentin, 80, O. See Almanac, Nautical, &c.
490 809 1941 895 Webber, 86, O. Mathematic, compiled from the best Author,
700 873 1939 959 &c. &c. By Samuel Weber, A. M., &e. Vol. II. Bos-
700 931 935 1008 ton, 1801.
483 946 729 1072 Wells, 38.
751 950 1939 1068 O. Elementa Arithmeticae Numerosae et Speciosae.
709 1044 1514 1114 Auctore E. Wells. Oxoniae, 1698.
485 1053 1945 1141 West, 99, O. Element of Mathematic. Comprehending George
700 1145 1946 1225 try, Conic Lections, Mensuration, Spherics. For the
700 1186 1948 1283 use of Schools. By John West. Plates. Edinburg,
709 1252 837 1319 1784.
477 1265 693 1387 Whiston,
722 1267 1950 1371 191, O. Astronomical Lectures, read in the public
694 1361 1950 1422 schools of¬Cambridge. By William Whiston, M. A.,
694 1411 1945 1485 &c. With a collection of Astronomical Tables; being
687 1463 1945 1544 those of Mr. Flamsteed, corrected; Dr. Halley; M. Cas¬
700 1518 1564 1591 sini; and Mr. Street. London, 1728.
488 1558 1945 1658 Williams, 17, Q. An Account of the Trigonometrical Survey
696 1627 1943 1697 carried on the years 1791, 1792, 1793, and 1794, by
696 1673 1945 1735 order of His Grace the Duke of Richmond, late Master
703 1728 1950 1802 General of the Ordnance. By Lieut. Col. Edward Wil-
700 1784 1937 1843 liams, Captain William M Judge, and Mr. Isaac Dalby.
700 1837 1943 1915 Plates. Road before the Royal Society, June 25, 1795.
703 1884 902 1966 London.
705 1903 1943 2012 172, O. Element of Natural Philosophy delivered.
479 1903 685 2023 Winkler
703 1997 1950 2052 By John Henry Winkler, F. R. S., &c. Translated from
700 2045 1764 2120 the German. Plates. 2 vols. London, 1757
485 2070 1950 2178 Wright, 79, O. Element of Trigonometry, Plane and Spherical:
703 2158 1945 2211 with the Prinetples of Perspective and Proiection of the
694 2211 1941 2280 Sphere. By John Wright. Edinburg, 1772. (Presented
694 2260 1026 2338 by the author.
481 2284 1946 2386 Youing, 68, O. Anarelysis of the Principles of Natural Philo¬
694 2373 1950 2453 sophy. By Matthew Young, D. D., &c. now Bishop of
696 2420 1278 2508 Clonfert. Dublin, 1800.
