<?xml version="1.0" encoding="UTF-8" standalone="yes"?>
<PcGts xmlns="http://schema.primaresearch.org/PAGE/gts/pagecontent/2013-07-15" xmlns:xsi="http://www.w3.org/2001/XMLSchema-instance" xsi:schemaLocation="http://schema.primaresearch.org/PAGE/gts/pagecontent/2013-07-15 http://schema.primaresearch.org/PAGE/gts/pagecontent/2013-07-15/pagecontent.xsd">
    <Metadata>
        <Creator>prov=READ-COOP:name=TrHtr:version=2.9.0:model_id=51170:date=08_02_2024_19:06</Creator>
        <Created>2024-02-07T19:24:53.641+01:00</Created>
        <LastChange>2024-02-08T19:06:13.252+01:00</LastChange>
        <TranskribusMetadata docId="1800286" pageId="64964007" pageNr="66" tsid="148036699" status="IN_PROGRESS" userId="65058" imgUrl="https://files.transkribus.eu/Get?id=QKWFAVRLWWDIJJPSLOTGUZDV&amp;fileType=view" xmlUrl="https://files.transkribus.eu/Get?id=CERHFZBDDTNAFKFHHSFZAOYK" imageId="51988707"/>
    </Metadata>
    <Page imageFilename="p066.jpg" imageWidth="2479" imageHeight="3508">
        <ReadingOrder>
            <OrderedGroup id="ro_1707669790773" caption="Regions reading order">
                <RegionRefIndexed index="0" regionRef="tr_1"/>
            </OrderedGroup>
        </ReadingOrder>
        <TextRegion orientation="0.0" id="tr_1" custom="readingOrder {index:0;}">
            <Coords points="489,266 489,2876 1961,2876 1961,266"/>
            <TextLine id="tr_1_tl_1" custom="readingOrder {index:0;}">
                <Coords points="1857,313 1870,313 1879,320 1890,309 1912,311 1932,329 1947,331 1947,220 1907,218 1887,225 1878,234 1857,232"/>
                <Baseline points="1868,292 1895,292 1922,292 1949,292"/>
                <TextEquiv>
                    <Unicode>53</Unicode>
                </TextEquiv>
            </TextLine>
            <TextLine id="tr_1_tl_2" custom="readingOrder {index:1;}">
                <Coords points="741,311 862,344 913,315 1100,340 1244,304 1418,344 1460,309 1552,339 1663,313 1663,254 1437,256 1398,229 1363,253 1120,240 1034,267 741,249"/>
                <Baseline points="752,304 797,301 843,301 889,299 935,298 981,298 1026,298 1072,296 1118,295 1164,295 1210,295 1255,295 1301,295 1347,295 1393,295 1439,292 1484,295 1530,295 1576,295 1622,295 1668,292"/>
                <TextEquiv>
                    <Unicode>MORAL PHILOSOPHY AND JURISPRUDANCE.</Unicode>
                </TextEquiv>
            </TextLine>
            <TextLine id="tr_1_tl_3" custom="readingOrder {index:2;}">
                <Coords points="479,426 1243,426 1319,414 1319,353 1146,335 824,370 670,329 619,370 545,326 479,368"/>
                <Baseline points="489,406 530,406 572,406 613,406 655,403 697,406 738,403 780,403 822,406 863,404 905,403 947,401 988,400 1030,400 1072,400 1113,399 1155,397 1197,398 1238,400 1280,400 1322,400"/>
                <TextEquiv>
                    <Unicode>Heinzelmanus, 352, O. See Gutkius.</Unicode>
                </TextEquiv>
            </TextLine>
            <TextLine id="tr_1_tl_4" custom="readingOrder {index:3;}">
                <Coords points="485,470 1890,470 1947,458 1947,399 485,426"/>
                <Baseline points="495,459 567,462 640,460 713,458 786,462 859,459 932,453 1004,453 1077,454 1150,453 1223,453 1296,454 1369,453 1442,450 1514,450 1587,450 1660,448 1733,450 1806,450 1879,450 1952,450"/>
                <TextEquiv>
                    <Unicode>Helvetius, 59, Q. De l’Esprit: or, Essays on the Mind, and its</Unicode>
                </TextEquiv>
            </TextLine>
            <TextLine id="tr_1_tl_5" custom="readingOrder {index:4;}">
                <Coords points="694,525 1700,516 1940,556 1942,461 695,485"/>
                <Baseline points="704,510 766,510 828,510 890,507 952,507 1014,507 1076,509 1138,510 1200,507 1262,507 1325,507 1387,507 1449,507 1511,507 1573,505 1635,504 1697,504 1759,504 1821,504 1883,504 1946,501"/>
                <TextEquiv>
                    <Unicode>several Faculties. Translated from the French of</Unicode>
                </TextEquiv>
            </TextLine>
            <TextLine id="tr_1_tl_6" custom="readingOrder {index:5;}">
                <Coords points="694,578 761,593 981,571 1241,587 1314,575 1314,518 1050,538 1001,522 981,536 694,527"/>
                <Baseline points="704,567 734,564 765,562 795,561 826,561 857,563 887,565 918,567 948,567 979,566 1010,564 1040,564 1071,564 1101,563 1132,561 1163,561 1193,561 1224,561 1254,561 1285,561 1316,561"/>
                <TextEquiv>
                    <Unicode>Helvetius. London, 1759.</Unicode>
                </TextEquiv>
            </TextLine>
            <TextLine id="tr_1_tl_7" custom="readingOrder {index:6;}">
                <Coords points="478,640 1938,622 1938,553 1874,540 1488,584 479,560"/>
                <Baseline points="489,618 561,620 634,620 707,620 779,620 852,618 925,618 997,615 1070,615 1143,618 1216,617 1288,613 1361,615 1434,613 1506,612 1579,609 1652,608 1724,606 1797,608 1870,609 1943,612"/>
                <TextEquiv>
                    <Unicode>Herne, 130, F. The Pleader: containing Perfect Presidents and</Unicode>
                </TextEquiv>
            </TextLine>
            <TextLine id="tr_1_tl_8" custom="readingOrder {index:7;}">
                <Coords points="1559,684 1581,675 1612,699 1656,677 1775,681 1797,692 1889,677 1907,692 1938,679 1940,624 1863,635 1808,617 1770,630 1662,624 1636,635 1561,624"/>
                <Baseline points="1570,665 1596,665 1623,665 1649,665 1676,665 1703,665 1729,664 1756,663 1783,661 1809,659 1836,659 1863,660 1889,664 1916,664 1943,662"/>
                <TextEquiv>
                    <Unicode>By John Herne.</Unicode>
                </TextEquiv>
            </TextLine>
            <TextLine id="tr_1_tl_9" custom="readingOrder {index:8;}">
                <Coords points="697,681 1255,697 1308,677 1341,697 1530,675 1530,642 1464,624 697,630"/>
                <Baseline points="707,671 748,669 789,671 831,670 872,668 913,668 955,671 996,671 1037,671 1079,671 1120,669 1161,668 1203,668 1244,668 1285,668 1327,668 1368,667 1409,665 1451,665 1492,665 1534,665"/>
                <TextEquiv>
                    <Unicode>Forms of Declarations, &amp;c. &amp;c, Lc.</Unicode>
                </TextEquiv>
            </TextLine>
            <TextLine id="tr_1_tl_10" custom="readingOrder {index:9;}">
                <Coords points="699,736 794,745 860,736 880,748 917,736 961,747 1030,736 1030,688 1010,683 992,690 975,679 895,695 866,688 856,697 827,686 796,695 776,684 750,697 739,684 699,683"/>
                <Baseline points="710,725 735,725 760,725 785,727 810,728 835,728 860,727 885,725 910,725 935,725 960,723 985,722 1010,724 1035,725"/>
                <TextEquiv>
                    <Unicode>London, 1657.</Unicode>
                </TextEquiv>
            </TextLine>
            <TextLine id="tr_1_tl_11" custom="readingOrder {index:10;}">
                <Coords points="479,791 1909,800 1923,728 479,734"/>
                <Baseline points="489,779 564,781 640,781 716,779 791,778 867,781 943,779 1019,774 1094,776 1170,773 1246,773 1322,774 1397,773 1473,773 1549,771 1625,770 1700,773 1776,770 1852,767 1928,767"/>
                <TextEquiv>
                    <Unicode>Heyl, 138—2, Q. De Genuino Sensu Paragr. 52. Art. 5. I. P.</Unicode>
                </TextEquiv>
            </TextLine>
            <TextLine id="tr_1_tl_12" custom="readingOrder {index:11;}">
                <Coords points="697,849 1773,851 1843,836 1843,791 697,798"/>
                <Baseline points="707,832 764,832 821,832 878,831 935,831 992,827 1049,829 1106,829 1163,829 1220,826 1277,826 1334,826 1391,826 1448,824 1505,824 1562,824 1619,824 1676,824 1733,824 1790,824 1848,824"/>
                <TextEquiv>
                    <Unicode>&amp;c. &amp;c. Auctore C. F. Heyl. Bambergae, 1774.</Unicode>
                </TextEquiv>
            </TextLine>
            <TextLine id="tr_1_tl_13" custom="readingOrder {index:12;}">
                <Coords points="479,908 1945,891 1945,847 1857,816 1773,851 479,831"/>
                <Baseline points="489,886 562,886 635,889 708,886 781,883 854,883 927,882 1000,880 1073,883 1146,883 1219,880 1292,877 1365,880 1438,878 1511,876 1584,877 1657,877 1730,874 1803,877 1876,875 1949,880"/>
                <TextEquiv>
                    <Unicode>Hogan, 50—6, O. The Trial of the Rev. William Hogan, Pastor</Unicode>
                </TextEquiv>
            </TextLine>
            <TextLine id="tr_1_tl_14" custom="readingOrder {index:13;}">
                <Coords points="694,948 1751,959 1942,944 1942,888 694,906"/>
                <Baseline points="704,940 766,938 828,937 890,937 952,937 1014,935 1076,937 1138,937 1200,937 1262,937 1325,937 1387,934 1449,931 1511,931 1573,931 1635,931 1697,929 1759,929 1821,929 1883,931 1946,934"/>
                <TextEquiv>
                    <Unicode>of St. Mary’s Church, for an Assault and Battery on</Unicode>
                </TextEquiv>
            </TextLine>
            <TextLine id="tr_1_tl_15" custom="readingOrder {index:14;}">
                <Coords points="688,1006 1912,1014 1914,963 690,957"/>
                <Baseline points="698,994 759,994 820,993 881,991 942,993 1003,991 1064,991 1125,991 1186,991 1247,988 1308,988 1369,988 1430,985 1491,985 1552,987 1613,988 1674,987 1735,985 1796,985 1857,985 1919,982"/>
                <TextEquiv>
                    <Unicode>Mary Connell, in April, 1822. Philadelphia, 1823.—</Unicode>
                </TextEquiv>
            </TextLine>
            <TextLine id="tr_1_tl_16" custom="readingOrder {index:15;}">
                <Coords points="699,1063 1210,1050 1347,1067 1347,997 1206,994 1173,1019 1116,999 1091,1014 699,1006"/>
                <Baseline points="710,1044 742,1042 774,1041 806,1041 838,1044 870,1046 902,1047 934,1047 966,1045 998,1044 1031,1044 1063,1044 1095,1044 1127,1043 1159,1041 1191,1043 1223,1043 1255,1041 1287,1041 1319,1043 1352,1047"/>
                <TextEquiv>
                    <Unicode>(Presented by R. De Silver.)</Unicode>
                </TextEquiv>
            </TextLine>
            <TextLine id="tr_1_tl_17" custom="readingOrder {index:16;}">
                <Coords points="485,1109 1938,1116 1911,1049 485,1056"/>
                <Baseline points="495,1095 567,1099 639,1096 712,1096 784,1098 857,1099 929,1097 1001,1095 1074,1095 1146,1095 1219,1095 1291,1095 1363,1095 1436,1093 1508,1094 1581,1092 1653,1090 1725,1089 1798,1089 1870,1089 1943,1089"/>
                <TextEquiv>
                    <Unicode>Holl, 111—5, Q. De Potestate imperantis circa mutationes ulti¬</Unicode>
                </TextEquiv>
            </TextLine>
            <TextLine id="tr_1_tl_18" custom="readingOrder {index:17;}">
                <Coords points="694,1179 1903,1162 1903,1118 1828,1100 694,1118"/>
                <Baseline points="704,1152 764,1152 824,1150 884,1149 944,1150 1004,1152 1064,1150 1125,1150 1185,1149 1245,1148 1305,1148 1365,1146 1425,1147 1485,1147 1546,1146 1606,1146 1666,1146 1726,1146 1786,1144 1846,1146 1907,1140"/>
                <TextEquiv>
                    <Unicode>marum Voluntatum ut legibus conformium, &amp;c. &amp;c.-</Unicode>
                </TextEquiv>
            </TextLine>
            <TextLine id="tr_1_tl_19" custom="readingOrder {index:18;}">
                <Coords points="697,1211 1587,1219 1588,1160 697,1177"/>
                <Baseline points="707,1203 751,1206 795,1206 839,1206 883,1206 928,1206 972,1206 1016,1206 1060,1203 1104,1203 1149,1203 1193,1203 1237,1203 1281,1200 1325,1200 1370,1197 1414,1200 1458,1200 1502,1200 1546,1200 1591,1197"/>
                <TextEquiv>
                    <Unicode>Auctore P. J. Holl. Bambergae, 1778.</Unicode>
                </TextEquiv>
            </TextLine>
            <TextLine id="tr_1_tl_20" custom="readingOrder {index:19;}">
                <Coords points="481,1296 1945,1261 1890,1208 481,1219"/>
                <Baseline points="492,1259 564,1258 637,1259 710,1258 783,1256 856,1259 929,1260 1001,1257 1074,1255 1147,1253 1220,1253 1293,1253 1366,1253 1439,1253 1511,1252 1584,1253 1657,1250 1730,1250 1803,1250 1876,1250 1949,1253"/>
                <TextEquiv>
                    <Unicode>Hunold, 141—2, Q. Theses ex Jure Canonico de Legibus, &amp;c.</Unicode>
                </TextEquiv>
            </TextLine>
            <TextLine id="tr_1_tl_21" custom="readingOrder {index:20;}">
                <Coords points="694,1327 1856,1329 1879,1254 694,1268"/>
                <Baseline points="704,1307 766,1310 828,1311 890,1311 952,1309 1014,1306 1076,1307 1138,1309 1200,1307 1262,1307 1324,1307 1386,1307 1448,1307 1510,1305 1572,1304 1634,1303 1696,1303 1758,1304 1820,1304 1883,1301"/>
                <TextEquiv>
                    <Unicode>&amp;c. Auctore D. J. C. Hunold. Bambergae, 1712.</Unicode>
                </TextEquiv>
            </TextLine>
            <TextLine id="tr_1_tl_22" custom="readingOrder {index:21;}">
                <Coords points="481,1382 1932,1385 1943,1316 481,1338"/>
                <Baseline points="492,1361 564,1364 637,1364 710,1364 782,1364 855,1366 928,1364 1000,1367 1073,1362 1146,1361 1219,1359 1291,1359 1364,1361 1437,1361 1509,1358 1582,1358 1655,1356 1727,1355 1800,1357 1873,1358 1946,1358"/>
                <TextEquiv>
                    <Unicode>Hutcheson, 66, Q. A System of Moral Philosophy; written by</Unicode>
                </TextEquiv>
            </TextLine>
            <TextLine id="tr_1_tl_23" custom="readingOrder {index:22;}">
                <Coords points="694,1420 1947,1418 1896,1367 694,1382"/>
                <Baseline points="704,1418 766,1418 828,1418 891,1416 953,1418 1016,1415 1078,1415 1140,1412 1203,1414 1265,1414 1328,1415 1390,1415 1452,1412 1515,1412 1577,1412 1640,1412 1702,1409 1764,1409 1827,1409 1889,1409 1952,1409"/>
                <TextEquiv>
                    <Unicode>the late Francis Hutcheson,LL. D. Professor of Philo-</Unicode>
                </TextEquiv>
            </TextLine>
            <TextLine id="tr_1_tl_24" custom="readingOrder {index:23;}">
                <Coords points="694,1490 1927,1491 1942,1442 695,1449"/>
                <Baseline points="704,1471 766,1471 828,1471 890,1471 952,1471 1014,1469 1076,1469 1138,1468 1200,1468 1262,1468 1325,1465 1387,1465 1449,1462 1511,1465 1573,1465 1635,1462 1697,1462 1759,1462 1821,1462 1883,1462 1946,1462"/>
                <TextEquiv>
                    <Unicode>sophy in the University ofmetagow. With some Ac</Unicode>
                </TextEquiv>
            </TextLine>
            <TextLine id="tr_1_tl_25" custom="readingOrder {index:24;}">
                <Coords points="694,1524 1947,1530 1947,1491 1890,1477 694,1488"/>
                <Baseline points="704,1522 766,1522 828,1522 891,1524 953,1522 1016,1525 1078,1522 1140,1522 1203,1521 1265,1521 1328,1522 1390,1521 1452,1519 1515,1519 1577,1519 1640,1519 1702,1517 1764,1517 1827,1519 1889,1519 1952,1516"/>
                <TextEquiv>
                    <Unicode>count of the Life, Writings, and Character of the Au-</Unicode>
                </TextEquiv>
            </TextLine>
            <TextLine id="tr_1_tl_26" custom="readingOrder {index:25;}">
                <Coords points="699,1587 1929,1601 1929,1535 1848,1524 699,1534"/>
                <Baseline points="710,1573 771,1576 832,1576 893,1576 954,1576 1016,1576 1077,1576 1138,1574 1199,1576 1260,1578 1322,1576 1383,1576 1444,1576 1505,1576 1566,1573 1628,1573 1689,1573 1750,1573 1811,1571 1872,1573 1934,1573"/>
                <TextEquiv>
                    <Unicode>thor, by the Rev. William Leechman, D. D. &amp;c. 2 vols</Unicode>
                </TextEquiv>
            </TextLine>
            <TextLine id="tr_1_tl_27" custom="readingOrder {index:26;}">
                <Coords points="699,1645 734,1640 750,1652 798,1640 829,1660 860,1643 910,1652 939,1636 977,1651 997,1640 1016,1651 1038,1636 1060,1640 1060,1594 1039,1587 957,1588 931,1607 897,1588 862,1601 699,1590"/>
                <Baseline points="710,1627 735,1627 760,1627 786,1629 811,1629 836,1628 862,1628 887,1630 912,1628 938,1627 963,1627 988,1627 1014,1627 1039,1628 1065,1630"/>
                <TextEquiv>
                    <Unicode>Glas Sow, 1755.</Unicode>
                </TextEquiv>
            </TextLine>
            <TextLine id="tr_1_tl_28" custom="readingOrder {index:27;}">
                <Coords points="666,1696 1942,1702 1942,1625 666,1645"/>
                <Baseline points="677,1683 740,1683 803,1683 867,1683 930,1683 994,1683 1057,1683 1121,1682 1184,1680 1248,1680 1311,1680 1374,1683 1438,1681 1501,1680 1565,1679 1628,1677 1692,1677 1755,1677 1819,1677 1882,1677 1946,1674"/>
                <TextEquiv>
                    <Unicode>78, O. An Inquiry into the Original of our Ideas of Beauty</Unicode>
                </TextEquiv>
            </TextLine>
            <TextLine id="tr_1_tl_29" custom="readingOrder {index:28;}">
                <Coords points="697,1755 1925,1748 1942,1702 697,1711"/>
                <Baseline points="707,1737 772,1735 837,1734 902,1736 967,1737 1033,1737 1098,1734 1163,1734 1228,1737 1293,1737 1359,1734 1424,1734 1489,1734 1554,1732 1619,1732 1685,1733 1750,1731 1815,1731 1880,1731 1946,1731"/>
                <TextEquiv>
                    <Unicode>and Virtue, &amp;c. By Francis Hutcheson. Lond. 1729.</Unicode>
                </TextEquiv>
            </TextLine>
            <TextLine id="tr_1_tl_30" custom="readingOrder {index:29;}">
                <Coords points="489,1810 1779,1817 1923,1808 1947,1744 728,1759 619,1718 489,1755"/>
                <Baseline points="498,1788 570,1788 643,1788 716,1788 788,1788 861,1788 934,1789 1006,1788 1079,1786 1152,1788 1225,1788 1297,1791 1370,1788 1443,1789 1515,1787 1588,1785 1661,1784 1733,1785 1806,1785 1879,1785 1952,1785"/>
                <TextEquiv>
                    <Unicode>Intellectus Operationes, §c. 139—4, Q. Intellectusdoperationes</Unicode>
                </TextEquiv>
            </TextLine>
            <TextLine id="tr_1_tl_31" custom="readingOrder {index:30;}">
                <Coords points="712,1865 1576,1863 1673,1850 1673,1804 712,1808"/>
                <Baseline points="722,1845 769,1842 817,1842 865,1842 913,1842 960,1845 1008,1842 1056,1845 1104,1842 1151,1842 1199,1842 1247,1842 1295,1842 1342,1842 1390,1840 1438,1841 1486,1842 1533,1840 1581,1839 1629,1836 1677,1839"/>
                <TextEquiv>
                    <Unicode>pro exercitio, &amp;c. &amp;c, Fuldae, 1789.</Unicode>
                </TextEquiv>
            </TextLine>
            <TextLine id="tr_1_tl_32" custom="readingOrder {index:31;}">
                <Coords points="489,1916 1863,1920 1956,1909 1956,1850 489,1859"/>
                <Baseline points="498,1898 571,1898 644,1898 717,1897 790,1895 863,1895 936,1895 1010,1896 1083,1895 1156,1892 1229,1895 1302,1895 1375,1895 1448,1894 1522,1892 1595,1892 1668,1892 1741,1889 1814,1892 1887,1891 1961,1892"/>
                <TextEquiv>
                    <Unicode>Isæus, 19, Q. The Speaches of Isæus in causes concerning the</Unicode>
                </TextEquiv>
            </TextLine>
            <TextLine id="tr_1_tl_33" custom="readingOrder {index:32;}">
                <Coords points="706,1958 1951,1954 1951,1914 1887,1901 706,1911"/>
                <Baseline points="716,1949 781,1949 846,1946 911,1946 976,1949 1042,1949 1107,1949 1172,1949 1237,1949 1302,1948 1368,1949 1433,1946 1498,1946 1563,1945 1628,1945 1694,1944 1759,1946 1824,1946 1889,1946 1955,1946"/>
                <TextEquiv>
                    <Unicode>Law of the Succession of property at Athens, with a</Unicode>
                </TextEquiv>
            </TextLine>
            <TextLine id="tr_1_tl_34" custom="readingOrder {index:33;}">
                <Coords points="699,2024 1947,2017 1947,1958 1843,1951 699,1954"/>
                <Baseline points="710,2003 772,2001 834,2000 896,2000 958,2000 1020,2001 1082,2003 1144,2003 1206,2003 1268,2003 1331,2000 1393,2001 1455,2000 1517,2002 1579,2000 1641,1997 1703,1997 1765,1997 1827,2000 1889,2000 1952,2000"/>
                <TextEquiv>
                    <Unicode>Prefatory Discourse, notes,ontical and historical, and</Unicode>
                </TextEquiv>
            </TextLine>
            <TextLine id="tr_1_tl_35" custom="readingOrder {index:34;}">
                <Coords points="703,2070 1942,2084 1942,2015 1889,2009 703,2028"/>
                <Baseline points="713,2060 774,2057 836,2057 897,2057 959,2057 1021,2057 1082,2057 1144,2057 1206,2056 1267,2054 1329,2057 1391,2055 1452,2054 1514,2054 1576,2054 1637,2054 1699,2052 1761,2051 1822,2054 1884,2054 1946,2054"/>
                <TextEquiv>
                    <Unicode>a Commentary. By William Jones, Esq. Barister, &amp;c.</Unicode>
                </TextEquiv>
            </TextLine>
            <TextLine id="tr_1_tl_36" custom="readingOrder {index:35;}">
                <Coords points="699,2126 864,2121 900,2130 911,2119 941,2125 963,2115 997,2130 1036,2123 1036,2079 1005,2068 915,2075 900,2064 886,2075 818,2068 785,2077 770,2066 699,2062"/>
                <Baseline points="710,2107 735,2109 760,2110 786,2110 811,2109 837,2107 862,2108 888,2110 913,2108 939,2107 964,2109 990,2110 1015,2110 1041,2107"/>
                <TextEquiv>
                    <Unicode>London, 1779.</Unicode>
                </TextEquiv>
            </TextLine>
            <TextLine id="tr_1_tl_37" custom="readingOrder {index:36;}">
                <Coords points="489,2176 1054,2174 1054,2128 985,2119 796,2130 694,2115 626,2136 518,2125 489,2106"/>
                <Baseline points="498,2164 526,2164 554,2163 582,2161 610,2161 638,2161 666,2163 694,2164 722,2164 750,2164 778,2164 806,2164 834,2163 862,2161 890,2161 918,2161 946,2161 974,2161 1002,2161 1030,2163 1059,2164"/>
                <TextEquiv>
                    <Unicode>Jones, 19, Q. See Isæus.</Unicode>
                </TextEquiv>
            </TextLine>
            <TextLine id="tr_1_tl_38" custom="readingOrder {index:37;}">
                <Coords points="490,2233 1925,2238 1945,2169 492,2189"/>
                <Baseline points="501,2218 573,2218 645,2215 717,2217 790,2217 862,2215 934,2217 1006,2218 1079,2218 1151,2218 1223,2218 1295,2218 1368,2216 1440,2215 1512,2215 1584,2215 1657,2215 1729,2213 1801,2215 1873,2214 1946,2218"/>
                <TextEquiv>
                    <Unicode>Julianus, 51, F. Juliani Imperatoris Opera quae supersunt omnia,</Unicode>
                </TextEquiv>
            </TextLine>
            <TextLine id="tr_1_tl_39" custom="readingOrder {index:38;}">
                <Coords points="703,2286 1951,2277 1951,2233 1867,2225 703,2229"/>
                <Baseline points="713,2271 775,2269 837,2266 899,2269 961,2269 1023,2269 1085,2271 1147,2269 1209,2271 1271,2270 1334,2269 1396,2269 1458,2269 1520,2269 1582,2269 1644,2269 1706,2266 1768,2266 1830,2268 1892,2268 1955,2266"/>
                <TextEquiv>
                    <Unicode>et S. Cyrilli, Alexandriae Archiepiscopi, contra impium</Unicode>
                </TextEquiv>
            </TextLine>
            <TextLine id="tr_1_tl_40" custom="readingOrder {index:39;}">
                <Coords points="703,2341 1894,2339 1951,2330 1951,2277 703,2284"/>
                <Baseline points="713,2325 775,2322 837,2322 899,2320 961,2320 1023,2322 1085,2322 1147,2322 1209,2324 1271,2322 1334,2325 1396,2322 1458,2322 1520,2319 1582,2321 1644,2319 1706,2316 1768,2318 1830,2319 1892,2321 1955,2319"/>
                <TextEquiv>
                    <Unicode>Julianum libri decem. Accedunt Dionysii Petavii in</Unicode>
                </TextEquiv>
            </TextLine>
            <TextLine id="tr_1_tl_41" custom="readingOrder {index:40;}">
                <Coords points="706,2384 1771,2399 1949,2384 1949,2330 706,2333"/>
                <Baseline points="716,2376 777,2376 839,2376 901,2374 963,2376 1025,2377 1086,2377 1148,2376 1210,2377 1272,2379 1334,2378 1395,2376 1457,2376 1519,2374 1581,2374 1643,2373 1704,2373 1766,2373 1828,2375 1890,2373 1952,2373"/>
                <TextEquiv>
                    <Unicode>Julianum Notae, et aliorum aliquot ejusdem Imperatoris</Unicode>
                </TextEquiv>
            </TextLine>
            <TextLine id="tr_1_tl_42" custom="readingOrder {index:41;}">
                <Coords points="1484,2441 1537,2434 1601,2452 1720,2432 1782,2454 1885,2436 1951,2447 1951,2390 1936,2383 1834,2384 1815,2401 1742,2383 1689,2395 1636,2383 1620,2397 1598,2384 1559,2397 1484,2384"/>
                <Baseline points="1495,2427 1520,2427 1546,2427 1571,2427 1597,2427 1622,2427 1648,2427 1673,2427 1699,2427 1725,2427 1750,2427 1776,2427 1801,2427 1827,2427 1852,2427 1878,2427 1903,2427 1929,2426 1955,2424"/>
                <TextEquiv>
                    <Unicode>Curâ &amp;c. Ezechielis</Unicode>
                </TextEquiv>
            </TextLine>
            <TextLine id="tr_1_tl_43" custom="readingOrder {index:42;}">
                <Coords points="706,2439 1429,2443 1427,2406 1327,2386 1149,2405 1116,2386 705,2384"/>
                <Baseline points="716,2430 751,2428 787,2429 823,2429 859,2428 895,2430 931,2430 966,2428 1002,2428 1038,2430 1074,2430 1110,2432 1146,2431 1182,2431 1217,2432 1253,2430 1289,2432 1325,2433 1361,2432 1397,2430 1433,2430"/>
                <TextEquiv>
                    <Unicode>libros Praefationes ac Notae.</Unicode>
                </TextEquiv>
            </TextLine>
            <TextLine id="tr_1_tl_44" custom="readingOrder {index:43;}">
                <Coords points="706,2496 1517,2509 1742,2492 1742,2436 1173,2460 706,2438"/>
                <Baseline points="716,2480 767,2483 819,2483 870,2482 922,2482 973,2483 1025,2483 1076,2483 1128,2483 1179,2484 1231,2486 1282,2486 1334,2484 1385,2483 1437,2480 1488,2483 1540,2483 1591,2481 1643,2478 1694,2477 1746,2480"/>
                <TextEquiv>
                    <Unicode>Spanhemii. Graecè et Latinè. Lipsiae, 1696.</Unicode>
                </TextEquiv>
            </TextLine>
            <TextLine id="tr_1_tl_45" custom="readingOrder {index:44;}">
                <Coords points="492,2558 1927,2562 1947,2460 1517,2507 494,2496"/>
                <Baseline points="504,2534 576,2537 648,2537 721,2537 793,2537 866,2536 938,2537 1010,2537 1083,2535 1155,2537 1228,2537 1300,2537 1372,2537 1445,2534 1517,2536 1590,2534 1662,2534 1734,2534 1807,2534 1879,2534 1952,2531"/>
                <TextEquiv>
                    <Unicode>Judex in Judicium, §c. 138—5, Q. Judex in Judicium Scholas¬</Unicode>
                </TextEquiv>
            </TextLine>
            <TextLine id="tr_1_tl_46" custom="readingOrder {index:45;}">
                <Coords points="708,2610 1585,2617 1777,2600 1777,2542 708,2549"/>
                <Baseline points="719,2591 772,2590 825,2589 878,2588 931,2588 984,2591 1037,2591 1090,2591 1143,2589 1196,2591 1249,2591 1302,2590 1355,2588 1408,2590 1461,2588 1514,2588 1567,2585 1620,2585 1673,2585 1726,2585 1779,2588"/>
                <TextEquiv>
                    <Unicode>ticum vocatus, &amp;c. &amp;c, Bambergæ, 1756.</Unicode>
                </TextEquiv>
            </TextLine>
            <TextLine id="tr_1_tl_47" custom="readingOrder {index:46;}">
                <Coords points="490,2659 1918,2663 1945,2599 490,2608"/>
                <Baseline points="501,2645 573,2644 645,2645 718,2645 790,2642 863,2645 935,2645 1007,2645 1080,2643 1152,2642 1225,2642 1297,2645 1369,2645 1442,2645 1514,2642 1587,2639 1659,2641 1731,2639 1804,2639 1876,2639 1949,2639"/>
                <TextEquiv>
                    <Unicode>Jus Canonicum, 33, F. Corpus Juris Canonici Gregorii XIII.</Unicode>
                </TextEquiv>
            </TextLine>
            <TextLine id="tr_1_tl_48" custom="readingOrder {index:47;}">
                <Coords points="706,2707 1949,2712 1949,2666 1889,2652 706,2659"/>
                <Baseline points="716,2695 777,2698 839,2696 901,2695 963,2698 1025,2695 1086,2696 1148,2698 1210,2695 1272,2698 1334,2698 1395,2695 1457,2692 1519,2695 1581,2694 1643,2694 1704,2692 1766,2695 1828,2693 1890,2693 1952,2695"/>
                <TextEquiv>
                    <Unicode> Pont. Max. jussu editum: a detro Pithoeo, et Francisco</Unicode>
                </TextEquiv>
            </TextLine>
            <TextLine id="tr_1_tl_49" custom="readingOrder {index:48;}">
                <Coords points="708,2761 1499,2747 1947,2783 1929,2703 708,2707"/>
                <Baseline points="719,2752 780,2749 842,2749 903,2749 965,2749 1027,2749 1088,2749 1150,2746 1212,2749 1273,2749 1335,2749 1397,2749 1458,2746 1520,2747 1582,2749 1643,2749 1705,2746 1767,2746 1828,2746 1890,2746 1952,2746"/>
                <TextEquiv>
                    <Unicode>Fratre, Jurisonsultis, ad veteres Codices MSS. resti¬</Unicode>
                </TextEquiv>
            </TextLine>
            <TextLine id="tr_1_tl_50" custom="readingOrder {index:49;}">
                <Coords points="699,2813 1532,2827 1676,2815 1676,2761 699,2771"/>
                <Baseline points="710,2803 758,2803 807,2803 855,2803 904,2803 952,2801 1001,2802 1049,2803 1098,2803 1146,2803 1195,2803 1243,2803 1292,2803 1340,2803 1389,2803 1437,2801 1486,2800 1534,2800 1583,2800 1631,2803 1680,2800"/>
                <TextEquiv>
                    <Unicode>tutum et Notis illustratum. Parisiis, 1687.</Unicode>
                </TextEquiv>
            </TextLine>
            <TextLine id="tr_1_tl_51" custom="readingOrder {index:50;}">
                <Coords points="659,2860 769,2899 1427,2866 1620,2901 1749,2864 1956,2893 1956,2809 1834,2791 1197,2831 659,2798"/>
                <Baseline points="668,2857 732,2858 797,2863 861,2860 926,2860 991,2860 1055,2860 1120,2860 1185,2858 1249,2860 1314,2859 1379,2857 1443,2857 1508,2857 1573,2857 1637,2857 1702,2857 1767,2857 1831,2857 1896,2855 1961,2857"/>
                <TextEquiv>
                    <Unicode>— 106, Q. Demonstratio Jurium Status Ecclesiastici circa</Unicode>
                </TextEquiv>
            </TextLine>
        </TextRegion>
    </Page>
</PcGts>
