2479 3508
853 232 1790 348 MORAL PHILOSOPHY AND JURISPRUDANCE.
594 243 673 330 54
817 336 2049 436 Temporalia, ex Principiis Juris Naturae potissimum de¬
808 419 960 488 ducta.
1183 416 1312 479 1757
595 466 2046 541 Jus Canonicum, 123—2, Q. Corollaria ecclesiastico-juridica ho¬
817 523 2007 579 dierno Germaniae Statui accommodata, &c. &c., &c.-
808 575 1216 646 Bambergæ, 1768.
594 601 2047 690 Jus Civile, 250, 0. corpus Juris Civilis, a Dionysio Gothofredo
808 684 2053 751 J. C. recognitum, in quo vice interpretationis, variae
808 733 2049 806 lectiones, si non omnes, praecipuae tamen, et magis ne¬
808 791 1846 848 cessariae objectae. Tom. 2. Lugduni, 1589.
779 831 2049 917 162, O. corpus Juris Civilis. Tom. 2. Amstelodami,
813 893 938 958 1700.
599 937 1243 1006 Kahl, 66, F. See Calvinus.
604 998 2040 1062 Kunsberg, 97—5, Q. Dissertatio Juris Germanici, de Renuncia¬
813 1044 2055 1134 tionibus Filiarum illustrium, &c. &c, &e. Auctore W.
811 1104 1793 1163 Fr. L. B. de Künsberg. Bambergae, 1750.
595 1153 2046 1234 Laws of Pennsylvania, 107, O. Laws of Pennsystemia, vols. 5, 6,
808 1209 1407 1285 7, 8, 9, 10. 1802—1809.
599 1265 1365 1336 Leechman, 66, Q. See Hutcheson.
599 1303 2055 1379 Leisner, 145—3, Q. De Beneficio Divisionis Correis debendi non
817 1370 1987 1448 tributo, &c. &c Auctore A. Leisner. Bambergae, 17
599 1425 2049 1494 Libertas humana, 111—8, Q. De libertate Humana, &c. Bam¬
811 1476 1102 1546 bergae, 1797.
595 1519 2031 1586 Lindenfels, 119—6, Q. Theses selectae ex universo Jure, &c.—
808 1579 2049 1657 Auctore C. F. L. B. de Lindenfels. Bambergae, 1773.
599 1630 2053 1713 Linheimer, 138—1, Q. De Principe legibus soluto, &c. &c., Auc¬
808 1697 1670 1753 tore J. G. Linheimer. Giessæ, 1737.
603 1735 2055 1822 Lochner, de 111—3, Q. Positiones inaugurales ex universo Jure.
817 1799 2013 1862 Auctore A. F. L. B. de Lochner. Bambergæ, 1794.
599 1837 2053 1929 Logica, §c. 139—1, Q. Hypomnemata logica, &c. &c, Wirce¬
813 1897 1102 1977 burgi, 1753.
779 1947 2053 2020 120—3, Q. positiones ex Logica, Metaphysica et Mathesi,
808 2009 1526 2065 &c. &c. etc. Bambergæ, 1773.
784 2055 2049 2124 122—7, Q. Logica in Compendium redacta, & c. &c. &e.
819 2111 1192 2187 Herbipoli, 1732.
597 2160 2055 2236 Logique, 37, D. La Logique, ou l’Art de Penser: contenant, outre
811 2216 2055 2283 les Regles communes, plusieurs Observations nouvelles,
826 2271 1868 2340 propres a former le Jugement. A Paris, 1668.
604 2316 2051 2390 Lorber, 138—3, Q. De Legatis et Fidei—Commissis particulari¬
813 2376 2020 2454 bus, & c. &c. Auctore J. T. J. Lorber à Störchen.-
813 2430 1187 2507 Herbipoli, 1719.
779 2481 2049 2552 141—3, Q. De Allodio Stante superioritate Statuum ter¬
813 2541 2049 2599 ritoriali quoad praesumptionem hodie imaginario, &c. & c.
817 2588 2053 2673 &c. Auctore J. C. Lorber à Störchen. Bambergæ,
822 2646 951 2706 1749.
793 2686 2047 2773 145—1, Q. De Jure Directorii in Circulo Francoico,
817 2746 2053 2804 &c. Lc. &c. Auctore J. C. Lorber à Störchen. Bam¬
813 2799 1114 2884 bergae, 1746.
