2479 3508
1858 212 1946 324 65
746 204 1657 322 HISTORY, BIOGRAPHY, ANDrt.onea.r.
667 307 1930 418 both with the Republican form of Government, and the
672 401 1931 482 other Monarchies of Europe. By J. L. De Lolme, Ad-
674 453 1291 528 vocate, &c. Dublin, 1785.
464 508 1926 576 Des Fontaines, 226, O. The history of the Revolutions of Poland,
676 567 1935 626 from the Fundation of that Monarchy to the Death of
676 615 1926 678 Augustus II. By M. l'Abbé Des Fontaines. Trans¬
679 670 1574 742 late from the French. London, 1736.
455 702 1926 786 Desormeaux, 35, Q. Histoire de la Maison de Bourbon. Par M.
679 775 1933 856 Desormeaux, Historiographe de la Maison de Bourbon,
676 829 1346 899 &c. 3 tom. A Paris, 1772.
455 871 1935 956 Draz, del Castillo, 37, Q. The True history of the August of
679 943 1931 1000 Maxico, by Captain Bernal Diaz, del Castillo, one of
670 1000 1933 1055 the Conquerors. Written in 1568. Translated from
670 1042 1924 1136 the original Spanish by Maurice Keatinge, Esq. Lon¬
676 1101 935 1166 don, 1800.
460 1134 1933 1206 Dictionary, Biographical 153, O. A New and General Biograph-
672 1206 1933 1276 ical Tictionary: containing an historical andontical
670 1261 1933 1329 Account of the Lives and Leitings of the most eminent
672 1313 1931 1385 persons in every nation, particularly the British and
672 1370 1931 1432 Irish; from the earlier Accounts of Time to the present
672 1420 1924 1491 Period. With a Catalogue of their daoductions, &c. 2c.
1357 1464 1865 1547 London, 1761—1762.
676 1467 1296 1545 11 vols. (Vol. IV. wanting.
458 1517 1773 1595 Dodsley's Annual Register, 28, O See Register, Annual.
460 1580 1219 1655 Du Cange, 13, F. See Zonaras.
468 1626 1226 1709 Dugdale, 254, O. See Varenius.
460 1672 1933 1757 Dwight, 51—4, O. Dwight's Letter to Washington. Philad. 1796.
455 1744 1935 1803 Echard, 29, F. The history of England: from the first Entrance
672 1793 1931 1854 of Juliusselsar and the Romans, to the conclusion of
670 1839 1930 1913 the Reign of King James the second, and the establish-
676 1900 1926 1957 ment of King William and Queen Mary upon the
679 1954 1920 2029 Throne, in the year 1688, &c. By Lawrence Echard,
676 1998 1554 2068 A. M. &c. Portrait. London, 1720.
670 2049 1079 2127 105, F. See Gale.
460 2038 648 2127 Eddius,
462 2099 1226 2186 Edward III. 64, F. See Barnes.
468 2167 1525 2226 Edward, the Black Prince, 64, F. See Barnes.
468 2211 1930 2285 England, history of, 133, O. The history of England from the
676 2272 1911 2342 invasion of Juliusäsar to the year 1688. 11 vols
685 2316 1119 2399 (Vol. II. wanting.)
1156 2322 1473 2392 Dublin, 1762.
648 2370 1926 2458 194, O. The Cristical History of England, Ecclesiastical
667 2436 1926 2506 and Civil: wherein the Errors of the Monkish Winters,
672 2482 1922 2554 and others before the Reformation, are exposed and cor¬
672 2541 1618 2596 rected, fc. &c. 2 vols. London, 1728.
646 2576 1924 2666 3, Q. England illustrate, or, a Compendium of the Na¬
676 2662 1920 2729 tural Heiory, Geography, Topography, and Antiquities,
670 2701 1920 2771 ecclesiastical and civil, of England and Wales. With
672 2756 1922 2850 Maps and Engravings of many remains of Antiquity,
