2479 3508
622 220 710 306 66
919 205 1810 311 HISTORY, BIOGRAPHY, AND GEGGRAPüY.
845 309 2103 421 remarkable Buildings, and principal Towns. 2 vols.
849 390 1199 465 London, 1764.
637 412 2099 511 Erasmus, 72, D. Magni Des. Erasmi Roterodami Vita; partim
844 503 2095 565 ab ipsomet Erasmo, partim ab amicis aequalibus fideliter
853 554 2104 620 descripta. Accedunt Epistolae illustres plus quam Sep¬
853 608 2099 672 tuaginta, quas aetate provectiore scripsit nec inter vul¬
855 651 2103 727 gatas in magno volumine comparent. P. Scriverii, et
849 703 1951 787 Fautorum auspiciis. Lugduni Batavorum, 1642.
637 756 2103 851 France, history of, 230, O. The history of France from the Ori¬
853 820 2099 884 gin of that Nation to the beginning of the present Cen¬
849 867 2101 933 tury. With an Account of the Steps taken by their
849 915 2094 1006 late Princes to subvert their Civil Liberties, &c. &c., &c;.
860 975 1804 1049 Many Portreits. 2 vols. London, 1732.
633 1012 2104 1094 Franklin, 94, 0. An listorical.Review of the Constitution and
855 1083 2115 1133 Government of Pennsylvania, from its Origin; so far as
858 1131 2106 1204 regards the several Point of Contreversy which have
858 1186 2101 1254 from Time to Time, arisen between the several Gover¬
858 1254 2079 1310 nors of that Province, and their several Assemblies.—
849 1292 2110 1367 Founded on authentic Documents. London, 1759.—
858 1345 1517 1431 (Presented by Dr. Franklin.)
642 1378 1393 1479 Freinsheim, 126, O. See Livius.
1010 1422 2104 1519 Historiæ Britannicæ, Saxonicæ, Anglo-Danicæ,
646 1448 983 1541 Gale, 105, F.
849 1508 2103 1579 Schiptores XV. nempe, Gildas, Eddius, Ninnius, Asse¬
849 1570 2110 1634 rius, Ran. Higden., W. Malmesb., Anonymus Malinesb.,
855 1614 2106 1676 Anonymus Rames., Anonymus flyens., Thomas Elyens.,
853 1665 2099 1729 Joan. Wallingford, Rad. de Diceto, Anonymus, Joan.
855 1713 2112 1782 Ferdun., Alcwinus Flaccus, ex vetustis Codd. MSS.
855 1782 2006 1841 editi, opera Thomae Gale, Th. Pr. Oxoniae, 1691.
651 1819 2104 1894 Gallatin, 53—1, O. Views of the Public Debt and Expenditure,
858 1878 1620 1964 by Gallatin. Philadelphia, 1801.
650 1918 1252 2009 Gildas, 105, F. See Gale.
651 1987 871 2051 Girardin.
889 1978 1319 2064 100, O. See Burk.
650 2028 1352 2114 Godefroy, 45, F. See Jaligny.
655 2079 2108 2158 Government, §c. 52—6, O. experience the Test of Government,
864 2145 2103 2205 &c. by a Senator of Pennsylvania. Philadelphia, 1807.
651 2203 2104 2278 Greene, 8, 0. Memoirs of the Life and Campaigns of  the Hon.
873 2251 2106 2320 Nathaniel Greene, Major General in the Army of the
869 2302 2106 2383 Dnited States, &c. By Charles Caldwell, M. D., Lc.
864 2355 2115 2438 Portrait. Philadelphia, 1819. (Presented by R. De
856 2406 1027 2472 Silver.
655 2430 2112 2522 Guyon, de 182, O. The history of the East Indies, ancient and
860 2514 2114 2604 Modern. Partly transtad from the French of the
864 2573 1905 2655 Abbé de Guyon, &c. 2 vols. London, 1757.
651 2608 1363 2705 Habington, 31, F. See Kennet.
651 2641 2108 2754 Hamilton, 52—7, O. A Letter from Alexander Hamilton, re¬
860 2727 2108 2798 specting the public conduct and character of John Ad¬
860 2785 1920 2871 ams, Esq. President, &c. Philadelphia, 1800.
