2479 3508
868 230 1744 326 HISTORY,BIOGRAPHY, ANDGEOGROPHY.
567 241 656 323 70
948 328 2030 423 Historia Majoris Britanniae, tam Angliae quam
569 321 922 434 Major, 63, Q.
782 416 2010 476 Scotiae, per Joannem Majorem, nomine quidem Scotum,
787 463 2025 538 professione autem Theologum, è veterum monumentis
787 514 1482 583 concinnata. Edinburgi, 1740.
569 554 1356 636 Malmesbur. W. 105, F. See Gale.
569 620 1387 698 Martiniere, 221, O. See Puffendorf.
572 660 2028 742 Memorial, in answer to English Ministers, &c. 293, O. A Memo¬
778 729 2025 798 rial containing a Sum blary Diew of Facte, with their
787 789 2025 849 Anthorities, in Answer to the Observations sent by the
784 826 2032 915 English Ilinistry to the Courts of Europe. Translated
784 891 1648 957 from the French. Philadelphia, 1757.
563 948 2023 1022 Messenger, America Weekly, 2, O. The sererican Ieekly
787 995 2028 1063 Messenger; or Register of State Papers, history, and
782 1037 2025 1114 Politics. For 1813-14-15 and 16. 2 vols. Philadel¬
793 1095 1586 1188 phia. (Presented by R. De Silver.)
563 1150 1258 1221 Middleton, 57, Q. See Vertot.
569 1205 1196 1278 Milton, 31, F. See Kennet.
567 1265 2028 1332 Mississippe question, 51—9, 0. Mississippi question. Report
775 1316 2023 1389 of a Debate in the Senate of the United States, February,
778 1369 1398 1431 1803. Philadelphia, 1803.
567 1420 2025 1498 Monroe, 40, O. A View of the honduct of theeecutive, in the
782 1469 2028 1531 Ioreign affairs of the United States, connected with the
778 1522 2016 1586 Mission to the French Republic, during the year 1794,
782 1571 1992 1655 =95, and 796. By James Monroe, late Minister, &c.-
778 1622 1757 1710 With documents, &c. Philadelphia, 1797.
560 1664 1183 1757 Moore, 31, F. See Kennet.
773 1706 1569 1813 Guillaume de, 26, F. See Joinville.
563 1739 755 1812 Nangis,
563 1797 2016 1866 Newton, 99—2, Q. Sir Isaac Newton's Chronology, abridged by
773 1843 2019 1910 himself.-Some Observations on ditto; printed at Pa¬
775 1894 1511 1970 ris in 1725. Done into English.
558 1925 1870 2005 New Annual Register, 29, 0. See Annual (New) Register.
569 1987 2025 2074 New York listorical Society, 6, O. Collections of the New York
773 2048 2019 2141 Historial Society for the year 1821. Vol. III. New
778 2109 1064 2182 York, 1821.
561 2134 1977 2253 Nexu, de &c, 97—3, Q. De Nexu Historiae cum scientiis, &c.
782 2211 1199 2289 Wirceburgi, 1774.
560 2236 2019 2353 Nicephorus, 14, F. Nicephori Gregorae Byzantina Historia. Cum
778 2313 2019 2382 versione latina Hier. Wolfii, et Joh. Boivin. qui Codices
775 2375 2023 2455 contulit, Notas addidit, et alias Appendices. Graece et
773 2426 1545 2506 Latine. Tom 2. Parisiis, 1702.
560 2477 1199 2562 Ninnius, 105, F. See Gale.
560 2537 2016 2615 Noldius, 63, D. Christ. Noldii Historia Idumoea, seu, dedesita et
775 2590 2018 2663 gestis Herodum Diatribe. Accesserunt hinc inde Notae
773 2644 2019 2706 in Josephum: ut et pro eo vindiciae et responsiones, contra
773 2697 2010 2770 Baronium, Serarium, Salianum et alios. Franequerae,
778 2745 915 2834 1660.
