2479 3508
1871 274 1950 366 73
770 250 1672 390 HISTORY, BIOGRAPHY, AND GEOGROPHY.
685 366 1952 473 dication of the Antient Way of Parliament, in England.
689 462 1944 516 collected from some Manuscript Notes of John Selden,
694 510 1948 578 Esq. byienshanielBacon, Esq. Corrected and im-
692 567 1944 643 proved by a Gentleman of the Middle Temple. Lon¬
694 619 941 683 don, 1760.
482 655 1184 742 Serarius, 63, D. See Noldius.
484 716 1948 795 Seybert, 6, Q. Statistica. Annals; lmbrading Views of the Popu¬
689 773 1948 836 lation, Commerce,airgation, Fischeries. Public Lands,
681 829 1950 889 Post Office Lstablishment, Revenues, Mint, Military
689 875 1944 941 and Naval Establishments, Expenditures, Public Debt,
694 939 1948 996 and Sùnking Fund of the Umited States of America:
689 985 1941 1046 founded on Ifficial Documents: commeneing March 4,
692 1038 1943 1121 1789, and ending April 20, 1818. By Adam Seybert,
694 1092 1425 1171 M. D, &c. Philadelphia, 1818.
484 1142 1173 1210 Shau, 254, O. See Varenius.
679 1193 1946 1265 198, O. Discourses concerning Government; by Alger-
475 1199 659 1285 Sidney,
694 1250 1948 1313 non Sidney, &c. With his Life. 2 vols. Edinb. 1750.
482 1293 1954 1366 Smith, 135, O. The history of the Province of New York from
1582 1350 1954 1432 With a Descrip-
690 1366 1536 1429 the first Discovery to the year 1732.
690 1409 1950 1469 tion of the Country, &c. &c, &e. By William Smith,
694 1460 1339 1537 A. M. Philadelphia, 1792.
479 1495 1959 1572 Smollet, 67, O. A complete history of England, from the Descent
694 1571 1957 1639 of Julius Cæsar, to theucaty of Aix la Chapelle,
690 1618 1959 1679 1748. Containing the Transactions of one thousand eight
690 1676 1950 1744 hundred and three years. By F. Smollet, M. D. 7 vols.
703 1723 1484 1812 (Vol. I. wanting.) London, 1758.
479 1779 1180 1854 Stanhope, 146, O. See Vertot.
482 1825 1935 1902 State Papers, 13th Congress. 12 & 13, 0.—88, 89. & 90, F.—
689 1889 1018 1957 See Congress.
670 1920 1944 2014 14th Congress, 14 & 15, O.—91, 92, 93, 94, 95 & 96, F.
690 1996 1013 2066 See Congress.
670 2038 1646 2121 15th Congress, 16 & 17, O. See Congress.
676 2103 786 2162 16th
1035 2092 1425 2167 18 & 19, O. See
1026 2147 1434 2224 20 & 21, O. See
667 2156 790 2217 17th
1027 2204 1431 2279 22 & 23, O. See
670 2208 792 2276 18th
488 2252 1959 2320 Steele, 99—4, Q. The Creisis: or, a Discourse representing, from
696 2313 1941 2377 the most authentic Records, the just causes of the late
696 2364 1946 2430 happy Revolution, &c. &e. With some Remarks
696 2423 1948 2489 on the Danger of a Popish Succession. By Richard
694 2469 1368 2537 Steele, Esq. London, 1714.
665 2528 1948 2594 99—3, Q. Mr. Steele's Apology for himself and his
700 2580 1954 2662 witings; occasioned by his Expulsion from the House
694 2639 1383 2707 of Commons. London, 1714.
484 2677 1206 2758 St. Louis, 26, F. See Joinville.
492 2729 1944 2802 Strada, 49, D. Famiani Stradæ, Romani, e Soc. Jesu, de
700 2797 1946 2883 Bello Belgico, Decades duae, ab Excessu Caroli V. Imp.
