2479 3508
583 281 669 359 74
882 255 1773 383 HISTORY, BIOGRAPHY, ANDGEOURPHY.
807 357 2067 459 usque ad annum MDXC. Tom. 2. Amstelodami, 1648
869 448 1010 512 1650.
605 459 2067 581 Sully, 92, O. Memoirs of Maximilian de Bethune, Duke de
816 558 2063 620 Sully, prince Minister to Henry the Great. Containing
816 612 2067 665 the history of the Life and Reign of that Monarch, and
816 665 2067 725 his own Administration under him. With the Tryal of
815 711 2067 785 Ravaillac for the minder of Henry the Great. Trans¬
818 767 1901 835 late from the French. 5 vols. London, 1757.
611 809 2067 897 Tacitus, 21, D. Tibère, ou les six premiers livres des Annales
816 873 2063 950 de Tacite. Traduits par M. l'Abbé de la Bléterie, Prof.
826 924 1493 997 &c. 3 tom. A Paris, 1768.
855 975 2069 1037 229, 0. The Life of Sethos. Taken from private
611 970 824 1064 Terasson
816 1006 2076 1104 Memoirs of the fairent Egyptians. Translated from
818 1090 2076 1150 a Greek MSS. into French (by the Abbe Terasson,) and
822 1143 2069 1205 from the French by Mr. Lediard. 2 vols. Lond. 1732.
616 1188 1425 1250 Thomas Elyens. 105, F. See Gale.
835 1248 1454 1310 Declarations, &c. 272, O.
611 1245 811 1318 Treatys,
1476 1208 2076 1305 A General collection of
826 1292 2076 1363 Treatys, Declarations of War,oute stoes, and other
827 1350 2078 1422 public Papers, relating to Peace and War, among the
827 1405 2078 1478 Potentates of Europe, from 1648 to the present Time,
827 1456 1493 1514 &c. &c &c. London, 1710.
611 1504 2070 1580 Varenius, 254, O. A Compleat System of General Geography,
826 1569 2078 1637 &c. &c. etc. Originally written in Latin by Bernhard
837 1618 2076 1677 Varenius, M. D. improved, &c. by Sir Isaac Newton,
827 1671 2076 1722 and Dr. Jurin. Translate, &c. by Mr. Dugufale, revised
827 1720 2076 1784 &c. by Peter Slaw, M. D. Vol. I. Plates. Lond. 1734.
616 1775 2078 1846 Vertot, 4, D. Histoire des Revolutions de Suede, por M. l'Abbé
831 1830 1923 1897 de Vertot. 2 tom. in 1. A Amsterdam, 1722.
802 1883 2078 1946 224, O. The history of the Revolutions in Sweden and
831 1935 2087 2005 Portugal. With an Enquiry, whether the Kingdom of
835 1990 2081 2048 France, from the Kstablishment of that Monarchy, has
835 2038 2087 2098 been an Hereditary or Elective State. Translated from
831 2094 1905 2161 the French of the Abbé Vertot. Dublin, 1727.
818 2152 2083 2213 146, O. The history of the Revolutions that happened in
831 2200 2081 2265 the Government of the Roman wcpublic. Translated
831 2254 2078 2313 from the French of the Abbé de Vertot, by M. Ozell.
849 2307 2087 2373 With Earl Stanhope’s Memorial on the Roman Senate,
837 2358 2078 2429 &c. &c. to the Abbé de Vertot, and his answer. 2 vols.
837 2409 1186 2482 London, 1740.
815 2453 2087 2535 57, Q. Observations on, I. The answer of M. l’ Abbé de
849 2515 2081 2582 Vertot to Earl Stanhope’s Inquiry concerning the Sen¬
837 2568 2092 2626 ate of ancient Rome; dated Dec. 1719.—Il. A Disser¬
851 2626 2090 2685 tation upon the Constitution of the Roman Senate: by a
851 2675 2089 2734 Gentleman: published in 1743. III. A Greatise on the
849 2732 2090 2783 Roman Senate by Dr. Middleton; published in 1747.
844 2787 2087 2852 IV. An Essay on the Roman Senate, by Dr. Chapman;
855 2838 2052 2920 published in 1750. By Mr. Hooke. London, 1758.
