2479 3508
977 282 1438 389 MEDICAL SCIANCES,
479 394 1936 475 Celsus, 71, O. A. Cornelius Celsus of Medicine, in eight books.
700 460 1936 528 Translated, with Notes Cristical and Haaratory, by
697 515 1559 589 James Greive, M. D. London, 1756.
484 563 1834 634 Cheselden, 8, F. Osteographia, or the Anatomy of the Bones.
693 614 1874 689 fifty-six Plates. By William Cheselden. London.
735 673 1938 734 148, O. Observations on the EpidemicalViseases in
477 667 699 759 Cleghorn
697 710 1942 789 Minorca, from 1744 to 1749. With an Account of the
693 779 1940 851 Climate, daoductions, &c. etc. c. of the Island. By
697 827 1944 915 George Cleghorn, Lecturer of Anatomy, &c.&c. Lon¬
697 886 1676 946 don, 1762. (Presented by David Wilson.
491 926 1947 1003 Corvisart, 72, O. An Essay on the OrganicViseases and Lesions
700 996 1946 1056 of the heart and Great Vessels. From the Clinical
697 1034 1947 1117 Lectures of J. N. Corvisart. Translated from the
700 1097 1920 1163 French, with Note, by Jacob Gates, M. M. S. S.-
706 1152 1166 1223 Philadelphia, 1812.
715 1174 1951 1274 O. The American Dispensatory, containing the Natu-
488 1185 693 1271 Coxe, 61
691 1262 1951 1324 ral, Chemical, &c. history of the different Substances
700 1309 1946 1383 employed in Medicine, the Operations of Pharmacy,
697 1359 1951 1432 &c. &c. By John Redman loxe, M. D. Lc. Phila-
693 1410 1682 1489 delphia, 1825. [Presented by the Editor.
673 1474 1597 1539 62, O. The same Work. Philad. 1806.
667 1496 1949 1590 35, O. The Philadelphia medical Museum, conducted by
688 1586 1960 1652 John Redman Coxe, M. D. 6 vols. Plates. Philadel-
711 1623 1757 1709 phia, 1805—1809. [Presented by the Editor.
491 1654 1951 1760 Crawford, 140—5, O. wattuctory Lectures, &c. by J. Craw¬
702 1727 1399 1795 ford, M. D. Baltimore, 1811.
488 1755 1962 1861 Dimerbroeck, 127, Q. Isbrandi de Diemerbroeck Med. Doct. et
700 1837 1955 1905 Prof. Tractatus de Peste, truculentissimi Morbi Histo¬
700 1902 1955 1977 riam ratione et experientiâ confirmatam exhibens. Am¬
711 1946 1097 2024 stelodami, 1665.
491 1993 1219 2068 Doebelius, 61, F. See Riverius.
501 2039 1957 2127 Dorsey, 140—4, O. Syllabus, or Heads of Lectures on the Mate-
715 2111 1878 2169 ria Medica, by J. S. Dorsey, M. D. Philad. 1817.
499 2164 1951 2256 Fernelius, 287, O. Joannis Fernelii Universa Medicina. Lug
704 2206 1236 2285 duni Batavorum, 1645.
677 2274 1958 2345 291, O. Joannis Fernelii Universa Medicina. Cum ejus¬
706 2325 1958 2389 dem Fernelii Consiliis: et Guliel. Plantii Scholiis in
710 2375 1911 2468 Pharmacopoeam seu librum Therapeutices Septimum.
710 2424 1056 2498 Genevae, 1627.
682 2461 1957 2553 307, O. Joannis Fernelii de Morbis Universalibus et
721 2538 1960 2619 particularibus libri IV. posteriores Pathologiae. Adjecta
715 2591 1909 2668 est singulis morbis Praedicendi, Curandique Ratio.
710 2639 1324 2723 Lugdum Batavorum, 1645.
506 2690 1155 2767 Gates, 72, O. See Corvisart.
510 2738 1951 2828 Gibson, 11. O. The Institutes and Pracice of Surgery: being the
710 2802 1957 2890 Ontdenes of a course of Lectures, by William Gibson,
