2479 3508
618 282 1942 409 84 MISCELLANEOUS wordS AND VOLYGRAPHIC AUTHORS.
625 402 1421 484 Capugnanus, 39, D. See Schottus.
631 479 2087 550 Catalogue of Books, &c. 9, 0. Catalogue of Books belonging to
840 534 2085 607 the February Company of Philadelphia; with an Account
840 589 2048 662 of the Institution, &c. &c., etc. Philadelphia, 1807.—
836 638 1693 711 (Presented by the February Company.)
814 691 1854 757 76—2, O. Catalogus Collegii Yalensis, 1808.
816 726 2090 811 106, O. Catalogus Bibliothecae Harvardianae Cantabri¬
831 803 1724 869 giae Nov-Anglorum. Bostoniae, 1790.
625 827 2096 921 Chamber, 20, F. Cyclopœdia: or, an Universal Tictionary of
840 899 1632 974 Arts and &ciences, c. &c. &e.
1667 899 2096 976 By E. Chambers,
836 954 2081 1020 F. R. S. Plates. 2 vols. London, 1751.—Supple-
831 1010 1696 1087 ment to ditto, 2 vols. London, 1753.
622 1062 1309 1133 Clarke, 35, D. See Erasmus.
625 1113 2096 1185 Clothing French Prisoners, &c. 118. F. proceedings of the Com¬
836 1168 2094 1241 mittee appointed to marage the Contributions begun at
840 1219 2094 1289 London, Dec. 18, 1759, for clothing French Prisoners of
849 1276 1351 1346 War. London, 1760.
809 1313 1852 1383 124—2, F. The same Work. London, 1760.
625 1373 2089 1450 Cooper. 57, O. A Practical Treatise on Dyeing, and Calicoe Print-
834 1434 2098 1504 ing; exhibiting the processes in the French, German,
844 1489 2098 1542 English and American practice of fixing Colours on
845 1540 2090 1610 WoolIen, Cotton, Silk, and Linen. By Thomas Cooper,
840 1590 1445 1672 Esq. Philadelphia, 1815.
811 1638 2096 1702 4, O. Some Information concerning Gas Light, by Tho¬
834 1705 2100 1779 mas Cooper, Esq. Philad. 1816. (Presented by R. De
844 1755 1010 1825 Silver.
811 1790 2094 1869 59, O. The Emporium of Arts and Princes. New Se¬
844 1858 2094 1933 ries. Conducted by Thomas Cooper, Esq. Vols. II.
836 1905 1898 1977 and III. Platoes. Philadelphia, 1813—1814.
627 1977 2094 2035 Dalrymple, 122, O. A military Essay. Containing Reflections on
840 2013 2100 2089 the Raising, Arming, Cloathing, and Discipline of the
844 2067 2100 2133 British Infantry and Cavalry: with Proposals for the
834 2123 2100 2191 Improvement of the same By Campbell Dalrymple,
849 2171 1700 2241 Esq. Lieut. Col. &c. London, 1761.
631 2237 2096 2305 Delius, 45, Q. Traité sur la science de l’Exploitation des Mes par¬
855 2287 2103 2355 Théorie et Pratique, avec un Discours sur les principes
853 2331 2100 2399 des finances; fait pour l’Academie Impériale et Royale
845 2395 2090 2466 de Schemnitz, par Christothe François Delius, Conseil
849 2439 2094 2509 ler-Commissaire, &c. traduit en Français par M.
855 2494 2017 2556 Schreiber. Avec figures. 2 tom. A Paris, 1778.
634 2549 1333 2624 Eames, 83, Q. See Lowthorp.
633 2587 2103 2701 Bducation, Dialogues concerning, 87, O. Dialogues concerning
849 2652 1724 2734 Bducation. Vol. II. London. 1748.
649 2701 2111 2776 Encyclopædia, §c 13, Q. Encyclopaedia; or, a Dictionary of
858 2760 2100 2831 Arts, &ciences, and Miscellaneous Literature, &c. Lc.
853 2824 2067 2908 &c. &c. With 542 Plato. 18 vols. Philad. 1798.
