2479 3508
609 293 1819 391 MISCELLANEOUS wordS AND POLYGRAPHIC AUTHORS.
682 389 1929 495 secundum Classes, Ordines, Genera, species, cum Cha¬
682 475 1920 545 racteribus et Differentiis. Curante Jo. Andrea Murray.
682 535 1023 605 Parisiis, 1798.
702 567 1933 660 111, O. Caroli Linnaei Amoenitates Academicae, seu
462 563 682 675 Linnaeus,
682 642 1927 706 Dissertationes variae Physicæ, Medicæ, Botanicæ, ante¬
682 695 1924 761 hac seorsim editae, nunc, collectae et auctae cum tabulis.
678 748 1933 834 Accedit Hypothesis nova de Febrium intermittentium
682 801 1729 891 causa. Tom. 6. Lugduni Batavorum, 1749.
464 836 1174 926 Lipsius, 328, O. See Rapinus.
468 878 1933 983 Locke, 103, F. The Works of John Locke. Portrait. 3 vols.
682 963 1025 1031 London, 1714.
464 985 1935 1078 Lubersac, 55, F. Discours sur les Monumens Publics de tous les
682 1067 1929 1131 Ages et de tous les Peuples connus, suivi d’une descrip¬
688 1120 1938 1190 tion de Monument projeté à la gloire de Louis XVI. et
686 1179 1933 1234 de la France. Terminé par quelques Observations sur
688 1230 1935 1295 les principaux Monumens modernes de la ville de Paris,
686 1280 1940 1350 et plusieurs Projets de décoration et d'utilité publique
688 1335 1935 1421 pour cette Capitale. Par M. l'Abbé de Lubersac. A
686 1381 974 1458 Paris, 1775.
469 1421 1157 1513 Mabillon, 225, O. See Vertot.
477 1476 1942 1564 Mauners and Principles, &c. 193, O. An Estimate of the Mauners
682 1548 1938 1625 and Prinetples of the times. By the Author of Essays
686 1595 1878 1669 on the CharacterBics, &c. 2 vols. London, 1756.
469 1656 1837 1727 Marie, 53—3, O. Case of Jane Marie. Philadelphia, 1808.
473 1711 1192 1786 Martyn, 83, Q. See Lowthorp.
473 1755 1100 1834 Masse, 1, F. See Le Brun.
479 1806 1214 1887 Meursius, 328, O. See Rapinus.
482 1841 1935 1957 Michaux, 1, O. Oaks of the United States and of Canada, by F.
695 1922 1328 1999 Andrew Michaux. Plates.
1351 1920 1500 1997 Paris.
473 1969 1944 2041 Mirabaud, 2, D. System of Nature; or the Laws of the Moral
686 2023 1190 2101 and physical World.
1230 2026 1944 2114 Translated from the French of
693 2076 1946 2160 M. Mirabaud. 2 vols. Philadelphia, 1808. (Presented
699 2131 1097 2206 by R. De Silver.
484 2177 1097 2261 Muffet, 83, F. See Topsel.
484 2241 1199 2303 Murray, 208, O. See Linnæus.
482 2279 1944 2362 Nettleton, 253, O. A Treatise on Virtue and Happiness. By
710 2342 1881 2404 Thomas Nettleton, M. D. F. R. S. London, 1751.
479 2375 1953 2466 Palmer, 81, Q. The General history of Printing, from its first
697 2457 1938 2512 Invention in the City of Mentz, to its first progress, &c.
702 2510 1942 2565 through the most celebrated Cities in Europe. Particu¬
702 2556 1944 2624 larly its Introduction, Rise, and Iorgess, in England.
700 2615 1947 2674 Theienter of the most Jelebrated Printers, from the
697 2666 1951 2734 first Invention to 1520 and 1550. With an Account of
700 2716 1951 2815 their Works, &c. fc. By S. Palmer, Printer. London,
710 2773 834 2842 1732.
479 2804 1938 2886 Philosophical Transactions, 83, Q. The Philosological Transac¬
702 2884 1951 2963 tions and Collections to the year 1750. abridged and
